1875 3267
491 303 551 359 116

147 446 288 528 quicquid
308 445 349 517 fit,
362 448 439 508 baud
459 443 571 507 temere
597 463 662 504 esse
688 453 810 504 remur.
832 444 893 503 Nec

146 530 294 589 minorem
307 537 420 585 motum
433 526 602 597 animorum
611 525 719 582 Romae
733 533 801 582 tam
810 533 892 582 atmx
923 524 924 566 l

144 621 193 664 res
206 604 284 674 lacit,
296 623 384 679 quam
399 606 529 663 Collatiae
538 603 655 662 fecerat.
676 600 764 678 Ergo
776 618 822 660 ex
835 621 893 659 om·

146 687 231 742 nibus
244 684 314 742 locis
336 683 459 742 urbisin
475 681 574 740 lorum
594 678 737 738 curritur.
771 679 848 750 Qun
860 680 892 737 si·

145 766 209 821 mul
221 771 341 821 ventum
351 773 396 819 est
403 779 505 837 praeco
517 761 554 820 ad
562 757 733 818 Tribunum
741 759 892 825 Celerum,

145 841 177 898 in
199 861 257 918 quo
281 852 347 900 tum
359 838 533 916 magistratu
547 835 619 898 font
632 840 744 896 Bmtus
757 848 837 908 erat,
849 857 891 912 po

145 923 251 994 pulum
264 920 422 977 advocavit.
463 919 523 975 Ubi
543 917 634 975 oratio
653 916 763 985 habita,
783 933 891 990 nequa·

146 999 238 1073 quam
252 997 317 1074 ejus
329 994 458 1070 pectoris
477 996 656 1072 ingeniique,
675 995 760 1068 quod
775 994 889 1051 simula-
917 988 922 1031 ἶ

144 1088 209 1136 tum
223 1079 259 1134 ad
271 1095 336 1134 eam
345 1076 424 1133 diem
432 1075 537 1144 fuerat,
546 1076 583 1132 de
593 1073 622 1130 ri
631 1093 664 1131 ac
676 1069 805 1130 libidine
814 1071 889 1161 Sesti
917 1088 922 1173 Ι

44 1205 54 1226 ,
146 1154 310 1230 Tarquinii,
324 1155 359 1214 de
383 1163 483 1227 stupro
495 1153 612 1212 infando
631 1150 784 1209 Lucretiae
800 1161 834 1208 et
847 1170 891 1208 rm·
917 1178 922 1235 q

146 1233 263 1292 secabili
271 1235 362 1302 caede,
375 1233 411 1291 de
421 1232 543 1290 orbitate
552 1231 730 1307 Trrcrprttm,
741 1228 890 1287 cuimorte
918 1242 921 1253 ·

146 1311 216 1370 filiae
243 1330 330 1368 causa
350 1312 452 1368 mortis
478 1309 625 1386 indignior
650 1327 685 1367 ac
697 1307 891 1365 miserabilior

147 1399 233 1447 esset.
273 1388 381 1447 Addita
400 1390 537 1463 superbia
556 1387 651 1462 ipsius
672 1385 765 1462 regis,
779 1387 891 1444 miseri·
916 1352 922 1479 i

148 1485 235 1542 aeque
248 1477 286 1527 et,
302 1468 414 1523 labores
436 1469 530 1542 plebis
555 1466 586 1523 in
607 1465 706 1534 fossas,
720 1466 890 1539 cloacasque
915 1514 920 1531 ,

148 1545 362 1604 exhauriendas
385 1546 540 1604 demersae.
581 1547 730 1604 Romanos
758 1543 890 1601 homines
916 1550 925 1673 pl

146 1625 274 1683 victores
286 1623 419 1682 omnium
441 1624 521 1681 circa
533 1626 710 1700 populorum
722 1621 852 1696 opifices
864 1643 891 1680 ac

147 1705 287 1779 lapicidas
313 1721 367 1776 pro
389 1704 576 1761 bellatoribus
599 1702 700 1760 factos.
768 1701 891 1778 Indigna

148 1783 243 1842 Servii
256 1781 351 1842 Tullii
366 1783 444 1857 regis
458 1792 620 1840 memorata
633 1781 739 1848 caedes,
751 1790 785 1837 et
798 1780 891 1838 inrec·
922 1834 924 1857 Ι

147 1874 178 1920 ta
192 1862 306 1937 corpori
320 1861 409 1934 patris
422 1860 545 1918 nefando
558 1858 693 1918 vehiculo
706 1857 791 1915 filias
812 1859 890 1915 inco·
922 1892 924 1909 .

148 1941 260 2014 satique
270 1943 379 1998 ultores
392 1948 547 2012 parentum
560 1937 621 1996 Dii.
672 1936 732 1995 His
744 1937 891 1995 atrociori·

147 2023 269 2093 busque,
282 2019 378 2086 credo,
398 2017 470 2084 aliis,
490 2036 557 2092 quae
579 2032 711 2093 praesens
732 2033 838 2073 rerum
851 2015 890 2070 in-

149 2095 275 2170 dignitas
289 2094 514 2170 haudquaquim
527 2098 622 2155 relatu
638 2094 837 2168 scriptoribus
854 2092 868 2150 f
881 2125 890 2135 ·

149 2174 216 2234 cilia
229 2173 358 2250 subjicit,
369 2175 550 2244 memoratis,
563 2176 714 2233 incensam
727 2172 890 2231 multitudi-

149 2272 219 2310 nem
239 2251 376 2327 perpulit,
401 2262 435 2308 ut
455 2253 614 2327 imperium
638 2251 701 2328 regi
728 2253 890 2327 abrogaret,
921 2274 923 2309 ε

150 2333 324 2405 exsulesque
345 2349 410 2388 esse
433 2329 548 2407 juberet
561 2334 595 2389 L.
609 2329 810 2403 Tarquinium
824 2347 889 2387 cum
921 2364 923 2369 ·

150 2409 276 2485 conjuge
290 2429 323 2466 ac
341 2409 455 2468 liberis.
495 2412 563 2485 Ipse
574 2406 739 2487 junioribus
750 2407 804 2480 qui
816 2408 889 2464 ultni
921 2398 923 2413 '

149 2487 269 2546 nomina
290 2489 402 2555 dabant,
429 2487 514 2544 lectis
535 2487 722 2562 armatisque,
736 2488 772 2543 ad
796 2487 889 2543 conci·

147 2567 270 2625 tandum
282 2565 347 2622 inde
360 2566 498 2624 adversus
511 2585 612 2642 regem
635 2564 812 2633 exercitum,
835 2569 889 2622 Ar·

149 2649 235 2707 deam
253 2644 284 2700 in
303 2655 397 2701 castra
417 2656 461 2702 est
486 2645 659 2719 prosectus;
680 2643 839 2718 imperium
860 2644 887 2698 in

148 2728 220 2784 urbe
234 2723 380 2786 Lucretio,
394 2721 532 2796 praefecto
545 2724 626 2781 urbis
643 2721 704 2800 jam
717 2730 784 2778 ante
796 2724 832 2777 ab
845 2740 886 2776 re·

150 2823 189 2880 ge
202 2802 341 2873 instituto,
354 2800 499 2874 relinquit.
533 2803 614 2858 Inter
625 2802 704 2858 hunc
717 2801 886 2864 tumultum,
