1875 3267
453 209 517 278 aso

108 353 195 410 tacita
208 353 357 428 cogitatio,
376 349 517 426 quidnim
531 349 661 428 egissent
674 351 756 420 nori,
777 348 864 427 quiid

108 431 190 487 fauor
203 433 268 501 plns
281 431 429 506 valuisset,
442 428 534 504 quim
547 429 637 497 ratio;
659 425 758 489 aetatis
773 449 863 486 max·

108 508 167 566 ime
188 507 358 580 poenitebat:
382 509 500 574 quidam
521 505 666 566 fortunam
692 510 787 566 etiam
809 509 864 564 do·

107 589 176 644 tntis
190 589 353 646 horrebant.
366 589 543 662 misnen-que,
555 607 593 643 ex
606 584 731 644 funestis
745 589 864 644 duabus

106 659 231 721 familiis.
246 666 276 722 in
290 684 340 724 eas
352 665 526 742 provincias,
546 665 595 722 ubi
609 665 687 723 inter
699 664 864 741 sepulchra

106 743 200 816 patris
212 745 367 820 patruique
381 763 429 802 res
443 745 582 820 gerendae
595 755 702 815 essent,
722 742 863 820 proficis·

107 822 210 880 centis.

146 902 247 972 Quam
259 902 308 960 ubi
321 905 356 960 ab
369 920 400 959 re
412 911 494 960 tanto
506 899 619 978 impetu
633 905 698 961 aeta
713 902 861 961 sollicitu-

109 977 209 1038 dinem
223 996 385 1056 curamque
399 979 554 1038 hominum
567 979 792 1048 animadvertit3
808 981 861 1037 ad·

108 1062 210 1116 vocati
224 1059 376 1122 concione,
396 1058 436 1116 itt
449 1061 488 1128 de
502 1070 586 1118 aetate
601 1063 654 1116 suit
668 1060 860 1134 imperioque

108 1138 253 1205 mandato,
266 1149 295 1194 et
306 1140 384 1195 bello
397 1138 475 1211 quod
489 1141 652 1213 gerendum
667 1148 754 1205 esset,
771 1157 861 1213 mag·

108 1233 157 1277 no,
173 1216 306 1289 elatoque
319 1216 417 1273 animo
430 1215 622 1281 disseruin’ut
634 1216 772 1274 ardorem
785 1235 861 1273 eum

108 1293 158 1366 qui
168 1295 324 1354 resederat.
332 1295 475 1352 excitaret
487 1292 600 1359 rororis,
612 1306 814 1370 novaretque:
828 1304 861 1352 et

107 1369 244 1442 impleret
264 1372 401 1428 homines
422 1371 556 1429 certioris
570 1374 642 1446 spei,
662 1393 753 1447 quam
765 1391 861 1444 ouon·

106 1457 167 1504 tarn
178 1447 253 1510 fides,
260 1450 400 1522 promissi
412 1449 544 1515 humani,
552 1462 602 1509 aut
614 1452 686 1509 ratio
699 1472 738 1510 ex
747 1451 860 1509 fiducia

107 1543 208 1583 rerum
223 1527 365 1603 subjicere
388 1530 469 1585 solet.
489 1527 557 1585 Fuit
570 1529 650 1586 enim
665 1529 776 1602 Scipio,
797 1547 860 1586 non

106 1603 186 1663 veris
198 1602 314 1664 tannim
324 1606 478 1666 virtutibus
490 1607 640 1671 mirabilis,
651 1609 774 1667 sedante
785 1627 860 1674 quo·

109 1701 167 1757 que
187 1687 318 1759 quidam
332 1687 367 1742 ab
389 1685 508 1756 invente
520 1683 551 1741 in
570 1686 795 1746 ostentationem
810 1705 860 1744 ea·

108 1779 175 1818 rum
184 1764 379 1838 compositus:
393 1765 530 1838 pleraque
540 1765 619 1838 apud
628 1760 859 1831 multitudinem,

108 1851 158 1897 ant
171 1859 224 1915 per
236 1853 391 1900 noctitrnas
401 1843 461 1898 visa
472 1843 596 1916 species,
608 1854 659 1901 aut
667 1845 746 1900 velut
755 1843 861 1900 divini-

106 1916 165 1981 ttis‚
186 1931 285 1976 mente
305 1921 427 1980 moniti,
448 1937 556 1994 agenor
578 1921 638 1978 sive
652 1921 758 1995 etipse
779 1923 860 1995 capti

107 1999 236 2070 quddam
257 1999 461 2070 superstitione
483 1999 582 2065 animi,
593 1995 664 2057 'sive
675 2012 710 2058 ut
723 2001 860 2073 imperia,

107 2075 283 2153 consiliaque
293 2078 371 2135 velut
379 2089 456 2134 sorte
466 2079 576 2135 oraculi
586 2079 685 2144 missa,
695 2077 859 2146 sinecunc-

106 2149 216 2210 tatione
230 2167 445 2230 assequeretur,
466 2157 516 2213 Ad
529 2159 585 2214 hoc
596 2156 659 2231 jam
673 2154 741 2214 inde
755 2158 792 2219 ab
805 2156 861 2213 ini·

106 2230 149 2287 tio
162 2247 332 2306 praeparans
352 2234 478 2302 animos,
498 2253 536 2292 ex
550 2253 608 2308 quo
624 2247 725 2310 togam
740 2235 859 2292 virilem

107 2308 243 2383 sumpsit,
252 2312 331 2368 nullo
341 2313 387 2370 die
400 2311 484 2386 priris
498 2313 588 2371 ullam
602 2312 749 2386 publicam
764 2313 859 2386 priva·

105 2399 227 2462 tumque
241 2407 306 2445 rem
319 2391 390 2465 egit,
400 2389 488 2464 quim
502 2391 530 2447 in
542 2391 723 2464 Capitolium
736 2393 805 2461 iret,
813 2391 858 2447 in·

106 2483 284 2541 gressusque
305 2470 400 2526 aedem
418 2469 601 2526 consideret:
628 2483 658 2526 et
677 2465 857 2544 pierumque

105 2557 223 2618 tempus
236 2547 315 2602 solus
328 2547 357 2602 in
372 2557 486 2604 secreto
498 2547 537 2603 ibi
557 2558 675 2607 tereret.
716 2549 778 2604 Hic
791 2564 857 2604 mos

106 2620 159 2694 qui
168 2639 221 2695 per
231 2640 351 2678 ornnem
360 2623 448 2680 vitam
460 2627 642 2695 servabatur,
650 2643 704 2684 seu
713 2625 857 2694 consulto,

106 2715 159 2757 seu
169 2698 290 2769 temere,
300 2701 422 2778 vulgate
432 2700 561 2778 opinioni
574 2702 666 2762 fidem
679 2706 757 2779 apud
771 2722 856 2778 quos·
