1875 3267
434 359 495 418 197

86 506 155 566 ante
167 524 219 565 eos
227 515 424 573 exsecrantes,
437 504 594 573 dedendos,
605 502 834 581 lacerandosque

87 593 274 653 censuerant,
298 584 519 643 miserationem
539 583 617 651 fecit,
630 592 663 639 ut
676 602 737 641 suae
751 584 833 657 quis-

105 682 146 721 ue
159 663 333 721 conditionis
353 664 471 730 oblitus,
492 664 528 719 ab
548 662 598 719 irs
621 661 831 719 deformatione

136 752 175 798 tae
196 740 370 817 majestatis,
379 740 641 799 velutabnefando
654 743 838 813 spectaculo,

80 830 229 877 auerteret
239 822 351 877 oeulos.
785 837 787 843 ’
801 850 806 863 ·

122 897 220 955 Primi
233 900 369 955 consules
381 893 472 973 prope
487 894 635 955 seminudi
658 898 711 954 sub
722 894 831 971 jugum

82 975 194 1033 missi:
215 970 281 1031 tum
293 985 328 1032 ut
341 975 466 1051 quisque
482 977 574 1049 gradu
587 973 832 1049 proximus'crat,

84 1052 128 1111 itai
139 1051 314 1128 ignominiae
327 1053 478 1131 objectus:
499 1051 564 1109 nim
578 1052 719 1125 deinceps
734 1052 833 1127 singu·

84 1133 126 1189 1ae
141 1130 291 1207 legiones:
314 1132 535 1188 circumdabant
548 1131 654 1188 armati
670 1124 769 1189 hoste's
782 1148 833 1187 ex·

83 1210 268 1284 probantes,
280 1211 493 1284 eludentesquc
506 1230 514 1277 ;
530 1208 618 1285 gladii
631 1208 719 1267 etiam
729 1208 833 1282 pleris-

84 1306 146 1361 que
158 1286 308 1345 intentatis
324 1298 354 1345 et
366 1288 510 1345 vulnerati
521 1287 649 1362 quidam,
663 1287 831 1359 uacatione,

84 1365 111 1423 si
126 1367 225 1424 vultus
236 1384 340 1424 eorum
354 1366 524 1442 indignitate
538 1385 638 1423 rerum
653 1363 750 1423 acrior
770 1365 831 1420 vic·

83 1454 180 1502 torem
193 1445 371 1502 offendisset.
405 1444 449 1503 itai
460 1445 591 1501 traducti
602 1446 656 1503 sub
670 1443 787 1519 jugum,
801 1452 831 1500 et

85 1524 165 1596 quod
178 1521 254 1597 pene
267 1524 386 1598 gravius
407 1535 478 1591 erat,
501 1540 555 1597 per
574 1523 704 1580 hostium
717 1524 828 1579 oculos.
896 1589 899 1601 η

82 1597 194 1671 Quum
207 1619 246 1658 ex
258 1604 333 1658 saltu
346 1604 504 1659 evasissent
517 1623 525 1669 ς
540 1602 595 1659 etsi
608 1602 687 1659 velut
707 1604 742 1657 ab
755 1598 802 1657 inf
817 1632 829 1644 ·

86 1677 132 1736 ris
144 1676 269 1736 extracti
287 1678 354 1736 turn
367 1678 502 1755 primbm
514 1682 612 1737 lucem
627 1680 757 1753 aspicere
772 1676 830 1735 visi

86 1766 170 1826 sunt,
180 1768 280 1815 tamen
301 1757 366 1831 ipsa
384 1760 436 1815 iux
451 1756 492 1815 ita
505 1758 636 1814 deforme
649 1756 831 1813 intuentibus

86 1854 197 1908 agmen
210 1837 292 1893 omni
305 1846 400 1895 morte
412 1836 523 1894 tristior
536 1832 599 1891 fuit.
621 1831 722 1908 Itaque
735 1831 829 1908 quum

84 1912 153 1976 nate
172 1924 291 1973 noctem
312 1917 448 1991 Capuam
467 1912 620 1988 pervenire
639 1923 767 1988 possent,
787 1911 831 1969 in·

84 1993 160 2050 certi
173 1994 209 2051 de
222 1992 280 2049 tide
294 1995 452 2061 sociorum,
474 2004 504 2049 et
518 1993 595 2069 quod
609 1992 702 2067 pudor
714 2008 829 2065 praepe·

87 2069 194 2139 aiebat,
204 2071 282 2128 circa
295 2072 456 2130 viamhaud
465 2072 570 2145 procul
579 2073 681 2141 Caput
691 2070 826 2129 omnium

85 2147 173 2224 egeni
185 2168 307 2223 corpora
326 2150 409 2209 humi
429 2161 658 2225 prostraverunt·
679 2150 764 2221 Quod
777 2148 827 2207 ubi

86 2238 134 2285 est
145 2228 289 2303 Capuam¹
309 2228 493 2298 nunciatum,
504 2229 589 2300 evicit
601 2228 751 2287 miseratio
763 2226 827 2303 jus·

89 2314 120 2362 ta
131 2307 276 2363 sociorum
289 2310 455 2384 superbiam
472 2306 634 2385 ingenitam
656 2304 824 2381 Campanis.

89 2383 251 2441 Confestim
262 2384 389 2463 insignia
401 2405 453 2445 sua
466 2386 644 2453 consulibus,
658 2385 761 2453 fasces,
776 2385 826 2441 lic-

90 2472 186 2532 tores5
208 2482 299 2531 arma,
311 2484 413 2539 equos,
434 2466 618 2535 vestimenta,
639 2472 825 2523 commeatus
866 2532 869 2539 Δ

125 2604 136 2632 ¹
153 2599 254 2662 Capua,
265 2612 331 2647 once
342 2616 358 2646 a
369 2599 423 2663 city
434 2615 466 2648 on
475 2601 520 2649 tbe
532 2598 642 2647 bo'rdem
653 2595 684 2645 os
691 2597 738 2643 tbe
748 2596 826 2644 Cam·

90 2664 174 2729 Wfifb
191 2663 243 2713 and
261 2679 319 2715 now
336 2680 352 2713 a
368 2665 486 2730 borougb
506 2664 592 2713 called
606 2659 785 2712 Sama-Maria
797 2656 827 2707 di

91 2734 189 2794 Capua,
211 2729 261 2779 and
285 2731 365 2780 about
377 2730 435 2780 balf
443 2749 459 2779 a
470 2730 566 2793 fragne
580 2727 646 2777 from
659 2728 705 2775 the
717 2722 824 2797 former,

86 2796 184 2847 situata
197 2810 265 2861 upon
284 2796 332 2845 the
345 2795 427 2848 River
439 2796 593 2853 Boituruus,
613 2790 665 2845 and
677 2789 767 2847 withan
776 2787 825 2837 tbe

92 2860 221 2929 ltingdom
231 2862 266 2918 of
274 2862 383 2929 Naples.

419 2962 437 2997 a
448 2943 467 2992 2
