1875 3267
461 243 523 300 386

128 387 222 463 attigit
232 408 239 442 ε
249 383 344 460 neque
357 385 466 444 fefellit.
480 389 560 445 Nam
569 386 709 445 Tiberius
718 385 861 444 incertum

128 485 164 522 an
186 467 322 532 offensum
344 467 481 540 tantoque
501 466 598 541 magis
617 467 692 523 iram
715 483 862 538 premens,
909 512 911 515 .

128 544 279 601 instaurari
292 546 392 618 epulas
403 545 496 621 jubet,
506 545 719 617 discumbitque
731 543 812 602 ultra
820 562 864 599 so·
909 538 911 613 f

127 623 221 688 litum,
242 622 325 695 quasi
346 623 449 680 honori
471 623 605 680 abeuntis
617 622 702 679 amici
714 624 864 679 tribueret.
909 666 911 681 .

126 702 279 756 Charicles
291 711 389 758 tamen
402 700 457 757 labi
473 700 619 772 spiritum,
630 718 684 757 nec
699 699 777 756 ultrei
784 700 864 756 bidu-
909 762 911 769 Ι

126 796 179 835 um
192 779 363 840 duraturum
378 780 512 836 Macroni
525 777 661 835 firmavit
681 776 866 834 Indecuneta
909 834 911 841 ,

126 857 277 932 colloquiis
289 856 364 914 inter
376 869 548 930 praesenteS,
569 855 677 911 nuntiis
697 857 775 928 apud
788 857 866 929 lega·

126 944 172 991 tos
185 945 214 992 et
223 936 366 992 exercitus
379 934 598 991 festinabamus.
637 933 765 1004 Decimo
778 933 865 1007 septi·
909 968 911 1013 Ι

126 1032 177 1070 mo
188 1014 324 1070 kalendas
334 1011 453 1085 Aprilis,
466 1011 626 1068 interclusit
644 1010 754 1080 animi,
771 1011 863 1068 credi·
909 1030 911 1035 ·

125 1100 174 1150 tus
186 1102 229 1148 est
241 1092 445 1148 mortalitatem
454 1092 626 1164 explevisse.
646 1089 685 1147 Et
697 1090 793 1146 multo
801 1108 863 1168 gra·

126 1170 250 1228 tantium
273 1185 427 1239 concursu,
449 1171 485 1225 ad
503 1169 641 1242 capienda
662 1168 783 1242 imperii
803 1170 863 1246 pri·
909 1228 911 1237 ,

125 1249 238 1306 mor-dia
254 1250 287 1305 C.
302 1251 403 1305 Caesar
425 1246 634 1323 egrediebatur,
654 1246 727 1304 crim
745 1246 863 1321 repente
909 1306 911 1309 ,

126 1325 255 1383 adfertur
269 1325 362 1382 redire
379 1325 497 1382 Tiberio
511 1344 616 1387 rocem
632 1327 768 1396 aerisue,
781 1345 862 1382 voca·

126 1405 208 1478 rique
223 1404 272 1476 qui
286 1405 453 1460 recreandae
475 1401 627 1460 defectioni
649 1405 749 1460 cibum
772 1403 863 1462 adfer·
909 1410 911 1461 i

126 1493 200 1538 rent.
240 1483 334 1538 Pavor
354 1478 422 1538 hinc
436 1483 465 1538 in
479 1499 590 1549 omnes,
604 1491 634 1538 et
647 1482 740 1543 ceteri
752 1479 861 1555 passim

74 1621 90 1638 κ
127 1559 266 1637 dispergi,
277 1580 306 1616 se
321 1559 444 1633 quisque
454 1570 594 1617 moestum
606 1571 656 1618 aut
667 1562 801 1618 nescium
810 1560 862 1616 lin-

127 1659 207 1716 gere·
227 1643 330 1696 Caesar
343 1639 370 1694 iu
386 1639 533 1694 silentium
543 1637 631 1707 fixus,
643 1639 789 1696 asumma
802 1658 862 1713 spe,

126 1717 286 1776 novissima
300 1719 493 1796 exspectabat,
515 1719 617 1774 Macro
628 1717 800 1789 intrepidus,
812 1736 861 1791 op·

125 1799 216 1872 primi
226 1816 328 1854 senem
341 1798 449 1874 injectu
463 1797 563 1852 multae
571 1795 660 1852 vestis
671 1797 762 1872 jubet,
771 1797 861 1854 disce·

107 1907 109 1914 ·
127 1878 214 1952 dique
228 1879 262 1932 ab
276 1877 384 1941 limine.
426 1875 475 1932 sic
490 1873 628 1930 Tiberius
648 1874 750 1943 linivit,
762 1886 878 1936 octavo,

127 1967 155 2013 et
169 1955 388 2028 septuagesimo
403 1953 497 2013 aetatis
510 1970 591 2008 anno.
633 1957 719 2012 Pater
732 1955 759 2012 ei
772 1956 861 2018 Nero,

127 2046 156 2092 et
168 2034 304 2110 utrinque
317 2032 402 2106 origo
416 2032 510 2106 gentis
523 2033 663 2100 Claudiae,
683 2030 860 2107 quamquain]

127 2123 222 2168 mater
248 2111 277 2166 in
304 2111 420 2168 Liviam
446 2120 475 2166 et
500 2129 571 2168 mox
590 2110 698 2169 Juliam
721 2107 858 2167 familiam

127 2187 328 2264 adoptionibus
341 2187 495 2246 transierit.
516 2192 607 2246 Casus
615 2190 715 2264 primi
727 2191 762 2245 ab
772 2186 860 2244 intan-
909 2226 911 2245 .

127 2270 168 2326 tia
179 2265 330 2341 ancipites.
352 2269 431 2324 Nam
441 2267 638 2341 proscriptum
650 2276 766 2342 patrem
775 2267 858 2322 exsul

127 2357 253 2414 secutus,
267 2347 316 2404 ubi
329 2349 451 2406 domum
462 2347 590 2420 Augusti
598 2345 752 2421 privignus
764 2343 862 2400 introi·

126 2427 159 2494 it,
168 2425 266 2482 multis
280 2425 386 2482 emulis
399 2423 579 2480 conflictatus
592 2434 643 2491 est,
651 2422 724 2480 ditm
735 2423 862 2479 Marcel-

126 2505 173 2559 lus
195 2514 225 2559 et
239 2503 381 2576 Agrippa,
401 2520 474 2556 mox
487 2500 577 2558 Caius
599 2501 770 2575 Luciusque
791 2501 863 2558 Cae-

126 2581 350 2652 sares‚viguire.
373 2579 470 2634 Etiam
480 2579 569 2637 frater
578 2576 862 2654 ejusDtususpros·

124 2657 236 2726 periore
250 2654 359 2711 civium
374 2675 473 2713 amore
486 2669 555 2714 erat.
596 2660 655 2716 Sed
676 2655 805 2718 maxime
823 2656 860 2710 in

124 2732 235 2788 lubrico
251 2733 320 2806 egit,
342 2737 463 2808 accepta
484 2734 515 2793 in
536 2737 755 2797 matrimonium
768 2734 858 2800 iulia,
