1875 3267
479 265 539 321 aba

113 415 216 481 i'e'reut,
235 429 329 483 neque
343 429 433 480 quern
446 429 537 467 usum
554 409 622 467 beili
635 411 784 504 halaffnt,
803 415 848 462 aut

114 493 216 564 quibus
237 490 378 546 institutis
398 501 559 556 uterentur,
579 506 678 563 neque
696 494 849 560 quiessent

113 572 149 626 ad
162 569 309 644 majorum
323 570 443 625 naviuin
452 568 669 625 multitudinem
683 564 779 622 idonei
790 579 850 636 por-

112 659 169 716 tus,
192 647 323 718 reperire
343 657 464 720 poterat.
504 648 553 703 Ad
566 649 631 703 haec
644 642 850 720 cognoscenda,

109 723 287 800 priusquam
310 727 477 800 periculum
500 723 620 790 iaceret,
638 723 780 779 idoneum
792 738 852 777 esse

112 803 278 870 arbitratus,
287 805 516 861 C.Volusenum
526 821 596 859 cum
609 801 674 858 navi
687 802 852 876 lougbprae·
911 840 913 843 -

108 882 210 939 mittit.
251 883 329 940 Huic
341 883 467 948 mandat,
488 891 530 944 ut,
545 879 709 954 ¹exploratis
722 880 852 936 omnibus
911 938 913 941 ,

110 963 210 1030 rebus,
224 963 259 1018 ad
273 981 304 1018 se
318 959 407 1036 quim
422 957 554 1034 primum
569 968 741 1016 revertatur.
781 959 852 1032 Ipse,

110 1057 182 1098 eum
203 1039 339 1098 omnibus
358 1039 459 1112 copiis,
479 1039 509 1094 in
533 1036 852 1110 Morinos1proficisci·

111 1127 161 1175 tur
173 1139 181 1188 3
196 1117 273 1192 quiid
285 1117 353 1176 inde
366 1130 429 1176 erat
435 1116 628 1174 brevissimus
639 1113 852 1175 inBritanniam

109 1196 297 1271 transjectus.
338 1193 408 1254 Huc
426 1213 515 1252 naves
532 1194 660 1270 undique
673 1215 712 1256 ex
726 1191 853 1252 finitimis

108 1273 288 1349 regionibus,
298 1285 328 1332 et
337 1291 425 1348 quam
440 1274 592 1351 superiore
600 1284 701 1338 aestate
715 1273 852 1330 advene-

109 1351 223 1410 ticum²
238 1353 350 1408 bellum
374 1352 485 1409 fecerat
501 1355 635 1420 classem,
650 1351 741 1428 -jubet
754 1368 853 1408 coure-

109 1429 184 1486 uire.
227 1429 361 1496 Interim,
381 1430 502 1486 consilio
518 1430 583 1506 ejus
603 1431 732 1506 cognito,
755 1440 786 1486 et
803 1447 851 1503 per

108 1517 290 1564 mercatores
303 1510 414 1580 perlato
426 1509 462 1564 ad
476 1505 641 1576 Britannus,
663 1507 681 1566 ‘i
697 1507 852 1582 compluri-

108 1588 164 1642 bus
178 1585 244 1663 ejus
256 1586 361 1644 insulae
376 1586 538 1643 civitatibus
557 1587 594 1642 ad
618 1602 688 1643 eum
706 1585 798 1662 legati
810 1603 853 1643 re·

107 1664 203 1732 niunt,
211 1664 264 1739 qui
278 1663 473 1740 polliceantur
484 1664 601 1721 obsides
613 1667 692 1732 dare,
705 1675 792 1737 atque
801 1663 852 1720 im·

107 1743 191 1813 perio
211 1742 315 1817 populi
339 1743 464 1802 Romani
486 1743 700 1816 obtemperare.
741 1743 852 1812 Quibus

107 1821 222 1890 auditis,
233 1820 390 1880 liberaliter
402 1821 561 1896 pollicitus,
575 1823 769 1896 hortatusque
782 1821 853 1880 utin

108 1901 145 1954 eti
173 1893 321 1958 sententii
345 1909 563 1972 permanerent,
584 1919 640 1956 -eos
660 1901 785 1957 domum
810 1917 852 1956 re·

106 1974 197 2033 misit.
239 1980 278 2036 Et
293 1995 364 2052 eum
378 1980 425 2036 his
438 1978 497 2034 uni
510 1978 661 2047 Combrm,
677 1996 770 2053 quern
783 1978 851 2052 ipse,

107 2054 315 2112 Atrebatibus³
327 2057 479 2132 superatis,
490 2072 593 2129 regem
607 2055 647 2112 ibi
656 2056 851 2125 constituerat,

106 2131 192 2208 cujus
218 2143 247 2189 et
259 2133 407 2204 virtutem,
430 2145 459 2192 et
481 2135 635 2193 eonsilium
647 2137 802 2208 probabat,
822 2145 850 2191 et

106 2228 198 2284 quem
219 2211 272 2268 sibi
287 2213 403 2272 fidelem
414 2213 615 2280 arbitrabatur,
629 2213 777 2289 cujusque
790 2232 853 2270 aue·
895 2251 900 2258 ·

105 2289 208 2346 toritas
220 2287 248 2345 in
262 2291 307 2348 his
315 2292 485 2367 regionibus
494 2307 603 2365 magna
613 2293 781 2356 habebatur,
789 2290 853 2348 mit·

104 2369 150 2424 tit.
191 2371 271 2426 Huic
281 2370 417 2446 imperat,
427 2388 500 2446 quas
514 2369 614 2442 possit,
627 2371 712 2427 adeat
725 2369 852 2427 civitates

105 2447 307 2524 horteturque,
318 2461 352 2507 ut
365 2448 466 2524 populi
476 2449 564 2504 Rom.
573 2446 661 2503 fidem
676 2460 850 2522 sequantur3

552 2575 557 2583 .
911 2558 913 2583 Ι

143 2623 153 2655 1
179 2617 300 2672 Morinos.
335 2619 393 2668 The
406 2617 567 2668 inhabitants
579 2616 613 2666 of
620 2618 667 2668 the
680 2621 830 2670 Bouionais.
911 2608 913 2647 i

141 2685 155 2718 2
180 2684 327 2734 Veneticum.
364 2685 504 2742 venetica,
516 2696 547 2731 οι·
560 2684 677 2742 ναηῃεε,
690 2686 716 2734 iu
729 2689 812 2736 Franc

133 2746 153 2786 .³
174 2748 346 2804 Atrebatibus..
373 2751 432 2802 The
445 2746 585 2815 peopieof
593 2752 806 2805 ArtoisinFrau
842 2789 849 2803 .
