1875 3267
429 287 491 343 339

86 443 195 502 capere
209 430 361 503 cognitum
376 442 428 488 est.
465 429 666 505 Magistratus,
682 443 747 501 quae
764 423 828 481 visa

86 519 166 576 sunt,
180 511 343 578 occult-unm
366 528 495 584 quaeque
507 528 573 565 esse
587 529 624 564 ex
641 526 696 565 usu
714 504 829 596 judica-

85 588 189 655 verint,
202 587 383 646 multitudini
396 591 539 680 produnt
572 585 619 643 De
633 585 757 659 Republ.
770 579 829 637 nisi

85 682 141 738 per
153 667 313 724 concilium
325 670 362 724 lo
355 669 403 742 ui
416 685 475 722 non
488 664 669 722 conceditur

127 743 273 802 Germani
287 745 414 803 multum
431 749 465 802 ab
479 748 535 800 hic
552 741 762 800 consuetudine
776 739 830 796 dis-

84 821 196 880 serunt.
225 825 303 880 Nam
318 843 415 898 necue
437 823 567 880 Druides
581 824 699 888 habent,
719 820 770 893 qui
783 837 830 875 re·

83 904 141 958 bus
155 899 261 957 divinis
272 905 410 976 praesint;
425 919 522 976 neque
536 899 691 958 sacrificiis
703 898 830 954 student.

84 977 222 1037 Deorum
235 997 359 1039 numero
373 1001 424 1039 eos
442 983 519 1038 solos
538 982 660 1045 ducunt,
679 994 831 1052 quoscer-

84 1070 171 1128 nunt,
184 1068 213 1114 et
225 1077 351 1132 quorum
365 1063 469 1134 opibus
489 1057 589 1132 aperte
608 1059 758 1134 juvantur,
778 1054 830 1110 So-

84 1138 159 1204 lem,
181 1147 210 1193 et
231 1139 409 1207 Vulcanum,
434 1150 464 1195 et
488 1142 622 1196 Lunam:
643 1134 772 1206 reliquos
792 1151 831 1190 ne

83 1213 168 1272 famei
181 1216 299 1288 quidem
314 1230 502 1308 acceperunt.
531 1215 602 1272 Vita
620 1212 718 1272 omnis
739 1212 769 1268 in
784 1230 830 1267 ve-

82 1293 261 1362 notionibus
274 1307 361 1372 utque
375 1297 405 1353 in
425 1297 528 1353 studiis
551 1294 595 1352 rei
618 1292 752 1350 militaris
764 1309 832 1348 con·

82 1370 180 1439 sistit;
202 1375 237 1430 ab
259 1376 388 1445 parvulis
409 1375 498 1432 labori
518 1391 551 1431 ac
571 1373 686 1431 duritiae
705 1372 831 1428 student.

82 1414 833 1545 Quidiutissimliimpuberespermansertlnt‚max·

83 1532 179 1588 imam
193 1530 269 1587 inter·
283 1549 351 1590 suos
373 1534 470 1590 ferunt
491 1534 630 1589 laudem.
651 1531 707 1585 hoc
723 1528 761 1586 ali
775 1538 833 1584 sta·

82 1617 195 1675 turam,
208 1610 283 1666 ali
259 1629 345 1681 vires,
357 1629 522 1686 nervosque
530 1607 699 1668 confirmari
711 1618 831 1681 putant:

83 1683 164 1744 intraei
177 1706 287 1746 atinum
301 1691 371 1748 vero
394 1709 435 1746 xx
458 1690 577 1746 feminee
598 1685 728 1743 notitiam
744 1687 833 1741 habu-

85 1765 156 1832 isse,
170 1765 198 1822 in
212 1767 394 1842 turpissimis
416 1771 524 1826 habent
541 1769 638 1823 rebus
671 1763 769 1859 Cujus
786 1761 833 1820 rei

84 1845 168 1900 nulla
180 1857 224 1902 est
237 1849 410 1915 occultati0;
426 1847 505 1920 qudd
518 1857 548 1902 et
557 1838 727 1917 promiscue
739 1841 768 1898 in
779 1840 832 1896 flu-

84 1922 216 1980 minibus
229 1928 414 1998 perluuntur,
428 1935 457 1982 ct
472 1927 605 1999 pellibus,
618 1933 668 1978 aut
678 1921 774 1995 parvis
788 1939 833 1976 re-

84 2017 197 2058 norum
210 2006 393 2078 tegumentis
416 2016 549 2072 utuntur,
569 2003 680 2075 magna
703 1999 834 2074 corporis

85 2083 273 2152 partenudzi.
308 2083 511 2158 Agriculturae
535 2100 591 2138 non
616 2080 751 2148 student3
772 2097 835 2134 ma·

83 2159 195 2235 jonque
208 2176 276 2232 pars
291 2162 384 2218 victus
404 2181 510 2218 eorum
531 2163 617 2228 lacte,
639 2170 670 2214 ct
691 2177 785 2226 caseo,
806 2168 836 2213 et

54 2241 56 2246 '
87 2255 178 2296 carne
201 2241 350 2296 consistit:
374 2239 467 2314 neque
494 2241 653 2314 quisquam
681 2237 744 2312 agri
771 2255 836 2293 mo·

86 2317 311 2387 dolocenum,
334 2332 384 2378 out
406 2320 479 2375 lines
503 2319 640 2392 proprios
662 2318 761 2383 hubet3
784 2316 835 2370 sed

85 2395 291 2470 magistratus
313 2417 346 2454 ac
369 2399 517 2471 principes
539 2399 568 2454 in
589 2415 681 2452 annos
702 2394 836 2468 singulos

88 2471 836 2551 gentibuscognationibusquehominum,quiunzi,

88 2555 233 2623 coierunt,
248 2555 389 2628 quunttim
406 2557 458 2624 eie,
477 2567 506 2610 et
519 2572 578 2627 quo
594 2555 658 2608 loco
672 2551 768 2608 risum
783 2560 837 2618 est,

90 2634 251 2692 attribuunt
265 2636 338 2709 agri,
359 2646 446 2709 atque
460 2650 535 2690 anno
550 2643 615 2704 post
637 2629 693 2686 alio
712 2629 836 2684 transire

91 2725 212 2784 cogunt.
242 2712 317 2788 Ejus
340 2715 382 2770 rei
396 2717 504 2770 multas
518 2711 643 2766 all'erunt
655 2724 777 2774 causas;
799 2726 836 2763 ne

91 2791 211 2851 assutus
226 2791 435 2850 cousuetudine
459 2789 536 2862 capti
555 2787 683 2855 studium
705 2785 773 2844 belli
787 2803 838 2859 ge·
