1875 3267
485 265 548 320 256

114 413 172 472 bet.
213 392 281 484 ipae
302 409 395 468 trium
414 425 477 484 prae
489 427 523 466 se
541 408 689 487 juvenum
702 409 872 468 validorum

114 489 207 550 scutis
226 489 369 578 oppositis
391 487 515 565 (lugens
528 489 609 545 enim
626 489 689 567 jam
712 490 761 546 vis
774 489 875 544 omnis
921 556 923 565 Ι

114 571 235 646 generis
248 565 405 626 telorum&
425 567 522 624 muris
545 570 673 639 volabat)
696 570 735 625 ad
763 568 874 627 urbem

113 649 257 712 succedit,
270 649 412 716 hortatur,
425 647 552 720 imperat
564 665 632 721 qnae
646 645 678 703 in
692 665 763 704 rem
779 655 874 702 stam:

113 727 249 802 quodque
270 723 433 800 plurimdm
454 725 490 781 ad
510 727 716 784 accendendos
736 723 878 782 militurn

113 805 229 863 animos
240 805 386 874 intererat,
394 803 479 861 testis
486 813 691 880 spectatorque
701 802 826 861 virtutis
837 812 880 857 at-

112 901 172 960 que
187 882 312 960 ignaviae
333 883 477 962 cujusque
503 885 591 942 adest.
632 885 738 958 ltaque
761 882 797 938 in
811 882 878 936 vul·

113 977 185 1020 nera
198 981 233 1018 ac
246 965 304 1020 tela
316 972 414 1030 ruunt,
425 960 521 1035 neque
535 962 600 1038 illoc
609 963 699 1030 muri,
711 957 817 1036 nequi:
828 977 880 1016 su-

112 1051 278 1116 perstantes
291 1041 395 1100 armati
405 1058 505 1098 arcere
512 1050 635 1115 queunt,
647 1040 719 1114 quin
732 1033 880 1098 certatim

115 1121 280 1180 ascendant.
322 1120 361 1178 Et
374 1122 409 1178 ab
421 1120 544 1176 navibua
562 1120 669 1179 eodem
681 1130 831 1194 tempore
845 1136 880 1174 ea

114 1215 183 1276 quae
197 1199 274 1257 mari
287 1199 413 1266 alluitur,
426 1216 494 1272 para
503 1197 585 1255 urbia
594 1198 767 1273 oppugnari
777 1206 880 1268 erepta

114 1288 168 1337 est.
202 1275 345 1334 Cetei-dm
358 1290 442 1336 tumu
447 1281 504 1334 ltus
516 1273 583 1334 inde
597 1276 694 1353 major
706 1274 810 1350 quam
823 1274 881 1344 vis,

113 1355 243 1414 adhiberi
257 1365 379 1430 poterat.
401 1355 486 1414 de
499 1355 654 1430 applicant,
667 1351 741 1410 dnm
756 1349 881 1430 partim

88 1459 91 1466 ¹
113 1446 267 1508 exponunt
280 1437 372 1491 scalas
396 1433 575 1508 militesque,
590 1432 664 1490 ditm
676 1435 736 1507 qui
761 1432 882 1506 cuique

114 1513 293 1588 proximum
301 1525 356 1582 est,
373 1513 403 1572 in
423 1523 536 1571 terram
550 1514 670 1569 evadere
683 1521 879 1585 properatum

113 1590 179 1664 ipsa
192 1590 374 1671 festmatione
388 1603 418 1650 et
442 1593 604 1650 certamine
624 1588 673 1647 alii
685 1589 761 1646 alies
778 1589 883 1664 impe·

114 1669 207 1728 diunt.

153 1752 235 1808 lnter
259 1751 325 1808 haec
348 1752 512 1826 repleverat
532 1750 596 1826 jam
613 1751 724 1808 Poenuc
743 1746 882 1805 armatis

113 1843 225 1900 muros,
239 1840 268 1887 et
289 1827 331 1886 vis
344 1848 453 1905 magna
466 1849 507 1886 ex
515 1828 630 1904 ingenti
641 1827 726 1902 copia
740 1843 882 1900 conges-

111 1917 142 1964 ta
154 1910 280 1966 telorum
294 1909 506 1983 suppeditabat.
549 1909 719 1979 Sed-neque
730 1903 807 1972 viri,
821 1923 882 1963 nec

111 1985 179 2054 tela,
192 2003 248 2043 nec
266 1988 425 2062 quidquam
448 1987 528 2044 aliud
548 1981 736 2059 requiquam
764 1985 883 2042 maenia

112 2063 178 2138 ipsa
192 2083 257 2140 sere
269 2063 464 2123 defensabant.
505 2067 591 2122 Rarae
606 2063 686 2120 enim
699 2064 798 2120 scalae
814 2065 885 2122 alti-

113 2141 209 2199 tudini
232 2145 342 2216 aequari
366 2141 516 2220 poterant:
539 2155 568 2200 et
589 2141 648 2218 qud
672 2158 817 2220 quaeque
837 2145 883 2198 al·

115 2217 217 2289 tiores,
243 2221 278 2280 eb
302 2222 479 2280 infirmiores
504 2232 594 2279 erant.
636 2221 740 2294 Itaque
774 2218 885 2294 qudm

114 2317 250 2358 nummus
276 2301 400 2376 quisque
427 2303 549 2360 eradere
575 2318 633 2356 non
653 2309 767 2372 posset,
797 2303 886 2356 subi·

114 2388 179 2435 rent
191 2389 291 2436 tamen
304 2380 363 2442 alii,
376 2398 464 2437 onere
478 2379 542 2451 ipso
554 2378 780 2453 frangebantur.
802 2379 886 2450 Qui·

115 2459 184 2516 dam
196 2458 338 2514 stantibus
352 2459 446 2526 scalis,
458 2454 552 2532 quum
566 2456 688 2515 altitudo
702 2457 885 2532 caliginem

115 2537 208 2594 oculis
228 2536 388 2604 offudisset,
411 2539 447 2593 ad
466 2549 575 2593 terram
597 2532 686 2594 delati
709 2546 792 2592 sunt.
841 2539 886 2595 Et

113 2609 209 2686 qutim
223 2610 333 2684 passim
360 2614 503 2682 homines,
526 2617 671 2686 scalaeque
685 2626 826 2680 ruerent,
852 2628 886 2676 et

111 2690 177 2761 ipso
197 2705 336 2748 successu
351 2692 469 2750 audacia
481 2704 568 2765 atque
587 2692 721 2749 alacritas
735 2693 886 2754 hostium

111 2777 269 2836 cresceret,
288 2767 408 2844 signum
428 2771 562 2845 receptui
576 2773 678 2828 datum
697 2780 769 2841 θεῖς
794 2775 887 2849 quod
