1875 3267
447 338 491 397 53'

90 488 230 561 purique
243 486 410 563 fulgentem
432 484 540 544 intueri
552 484 678 563 jubebat,
692 489 837 560 praedam,

90 584 153 623 non
162 583 244 623 arma
257 574 422 641 gestantem
436 585 445 619 ι
472 564 558 635 irent,
571 576 601 623 et
613 565 781 625 imbellibus
794 566 838 626 fe·

87 643 183 701 minis
193 662 299 701 aurum
313 642 369 701 viri
382 642 534 717 eriperent
547 664 555 712 ;
576 660 677 716 aspera
688 645 838 704 montium

88 741 218 780 suorum
228 721 311 800 J'uga,
324 722 476 797 nudosque
489 724 581 781 colles
594 732 624 779 et
642 734 784 796 perpetuo
797 725 838 782 ri·

89 811 200 876 gentes
227 804 305 877 gelu,
318 801 426 859 ditibus
439 802 601 859 Persarum
615 800 728 875 campis
742 802 836 880 agris·

86 896 152 955 que
162 888 319 939 mutarent.

132 958 201 1015 Jam
215 958 250 1015 ad
259 958 310 1015 teli
318 958 432 1035 jactum
446 969 654 1032 pervenerant,
664 977 757 1035 quum
764 961 836 1020 Per·

88 1054 195 1093 sarum
216 1037 331 1111 equites
345 1036 482 1095 ferociter
493 1037 524 1093 in
537 1039 653 1096 laevum
666 1054 756 1095 cornu
769 1041 837 1097 hos·

92 1114 170 1170 tium
195 1113 303 1173 invecti
325 1125 412 1183 sunt3
438 1116 547 1191 quippe
576 1116 688 1175 Darius
707 1118 837 1191 equestri

86 1192 195 1265 praelio
214 1194 373 1251 decernere
395 1196 520 1266 optabat,
539 1197 718 1284 phalangem
740 1213 837 1253 mace-

84 1270 189 1329 donici
203 1272 351 1332 exercitus
365 1274 455 1330 robur
468 1271 533 1331 esse
548 1274 738 1351 conjectans·
757 1273 836 1351 jam·

86 1368 152 1424 que
166 1350 255 1407 etiam
269 1352 409 1409 dextrum
418 1352 583 1411 Alexandri
596 1352 838 1413 comucircumi·

86 1430 212 1487 batur.
235 1428 322 1505 Quod
335 1428 385 1487 ubi
401 1432 526 1489 Macedo
540 1430 705 1522 conspexit,
720 1432 835 1490 duabus

87 1506 147 1567 alis
156 1507 290 1596 equitum
304 1508 361 1567 ad
350 1526 467 1587 Jugum
470 1510 579 1567 montis
589 1508 681 1587 jussis
694 1510 837 1569 subsiste·

92 1604 137 1655 re,
151 1597 264 1644 ceteros
275 1584 305 1643 in
316 1588 449 1646 medium
460 1588 530 1645 belli
543 1587 704 1679 discrimen
715 1588 835 1646 strenue

90 1663 240 1723 transfert.
287 1662 444 1724 Subductis
468 1665 572 1724 deinde
594 1686 632 1723 ex
652 1666 716 1723 acie
737 1668 834 1755 Thes·

86 1742 164 1801 salis
177 1742 331 1819 equitibus,
343 1742 520 1819 praefectum
534 1762 640 1801 eorum
652 1742 803 1800 occulte
778 1762 840 1801 ιιι-

90 1822 206 1911 cumire
220 1834 339 1898 tergum
354 1842 475 1881 suorum
485 1819 835 1918 J’ubet‚Parmeni0qique

87 1896 244 1979 conjungi,
258 1913 288 1959 et
309 1903 415 1975 quud
407 1922 434 1959 rs
452 1900 632 1978 imperasset
643 1897 770 1975 impigre
784 1919 835 1957 ex·

91 1980 189 2057 sequi.
236 1979 391 2055 Jamque
383 1980 449 2055 ipsi,
463 1980 494 2037 in
514 1980 654 2060 medium
673 1980 834 2038 Persarum

85 2058 221 2133 undique
247 2056 431 2151 circumfusi,
456 2057 577 2135 egregie
602 2077 634 2115 se
637 2055 832 2126 tuebantur;

90 2138 146 2195 sed
160 2138 288 2196 conserti
301 2148 331 2195 et
344 2157 427 2211 quasi
418 2138 634 2206 cohaerentes,
646 2137 705 2193 tela
718 2137 832 2194 tibrare

86 2234 149 2275 non
169 2226 321 2307 poterant:
343 2216 432 2273 simul
445 2227 527 2284 erant
540 2216 657 2284 emissa,
668 2215 698 2271 in
711 2217 832 2273 eosdem

85 2296 294 2353 concurrentia
319 2294 562 2369 implicabantur3
582 2296 700 2369 levique
714 2305 744 2350 et
757 2312 833 2351 vano

87 2372 152 2431 ictu
165 2391 264 2448 pauca
277 2372 308 2431 in
328 2375 453 2443 hostem,
473 2373 585 2470 plura'
577 2391 608 2429 m
631 2372 796 2430 humum
788 2390 836 2428 m-

83 2470 180 2509 noxia
190 2452 338 2511 cadebant
359 2449 730 2528 Ergocommuspugnam
738 2450 831 2508 coacti

88 2549 257 2599 conserere,
273 2529 404 2607 gladios
396 2531 525 2623 impigre
539 2530 696 2605 stringunt
748 2527 833 2585 Tum

88 2609 162 2667 verb
173 2612 251 2668 mult
240 2620 305 2669 tum
315 2610 464 2689 sanguinis
477 2608 577 2667 susum
590 2620 653 2666 est·
667 2610 734 2667 duae
748 2605 832 2680 quip-

86 2706 126 2763 pe
140 2688 221 2746 acies
235 2684 275 2745 ita
288 2690 484 2761 cohaerebant,
503 2700 538 2745 ut
550 2687 642 2745 armis
663 2703 747 2743 arma
766 2685 832 2755 pul-

89 2779 200 2836 sarent,
221 2786 379 2857 mucrones
392 2768 423 2825 in
435 2786 486 2825 ora
498 2766 670 2854 dirigerent.
704 2762 776 2818 Non
795 2759 832 2814 ti-

86 2847 180 2918 mido,
193 2864 253 2903 non
267 2844 375 2923 ignavo
389 2864 511 2973 cessare2
518 2853 585 2902 tum
596 2840 689 2899 licuit.
719 2837 834 2895 Collato

459 2940 476 2973 Ξ
