1875 3267
476 272 538 328 394

133 415 188 479 tlru
200 416 467 491 tergiversantibus,
479 413 587 489 partlm
598 415 698 490 aperte
712 417 867 475 detrectari·
926 454 928 467 .

133 497 218 561 tibus,
248 513 307 550 uno
330 494 400 551 vend
422 496 511 553 etiam
536 497 746 568 proclamante,
777 497 867 563 thue
926 506 928 513 ·

131 578 237 628 adeone
250 575 323 626 mori
335 577 468 628 initorum
482 573 552 629 eet?
573 574 650 630 varia
661 573 791 647 agitavit,
803 575 869 628 Par·

133 652 236 706 tlrosne
249 669 285 707 an
298 650 424 706 Galbam
437 655 564 725 supplex
576 637 702 724 peteret,
713 668 751 706 an
764 661 870 708 atratus
926 650 928 709 i

133 729 263 799 prodiret
283 728 313 788 in
326 729 488 801 publicum,
508 748 621 804 proque
634 726 751 785 Rostris
764 732 871 802 quanta

132 817 232 877 posset
254 807 386 862 maxima
406 807 595 866 miseratione
613 807 733 863 veniam
743 805 873 878 praeteri-
926 812 928 839 ²

131 894 229 940 torum
243 894 423 958 precaretur,
443 903 487 953 ac,
502 889 534 942 ni
548 885 679 944 flexisset
690 883 816 951 animos,
827 886 872 942 rel
926 872 928 927 l

134 963 252 1036 AEgypti
265 961 463 1034 proiecturam
477 963 599 1035 concedi
620 962 675 1018 sibi
687 971 793 1017 oraret.
828 962 874 1018 ln·
926 970 928 1003 ²

134 1050 238 1098 ventus
250 1050 294 1096 est
314 1038 413 1114 posted
433 1040 463 1096 in
485 1042 594 1098 scrinio
615 1039 683 1114 ejus
703 1041 762 1094 hac
783 1040 821 1095 de
842 1057 873 1096 re
926 1072 928 1079 =

134 1135 234 1176 sermo
255 1118 406 1176 formatus.
445 1119 504 1175 Sed
517 1116 689 1176 deterritum
704 1127 819 1189 putant,
838 1135 874 1174 ne
926 1164 928 1175 .

98 1231 104 1242 ·
134 1194 309 1270 priusquam
319 1196 349 1252 in
361 1195 459 1278 lorurp
467 1193 876 1270 perveniret,discerperetur.

134 1274 184 1330 Sic
198 1273 375 1349 cogitatione
397 1274 597 1347 inposterum
619 1275 699 1329 diem
720 1272 823 1342 dilata,
842 1275 875 1329 ad
926 1308 928 1335 ;

132 1352 263 1408 mediam
284 1352 344 1409 fere
366 1364 485 1409 noctem
497 1353 652 1418 excitatus,
673 1360 708 1406 ut
729 1352 876 1426 comperit
926 1372 928 1417 ς

133 1430 288 1486 stationem
300 1429 429 1488 militum
443 1433 610 1497 recessisse,
618 1427 756 1503 prosiluit
768 1427 876 1497 electo,
926 1468 928 1495 ,

132 1507 270 1580 misitque
282 1505 397 1563 circum
410 1511 531 1566 amicos,
552 1511 592 1565 Et
604 1505 676 1582 quid
689 1507 762 1563 nihil
777 1507 795 1564 d
808 1526 876 1582 quo·
926 1502 928 1545 ἶ

132 1604 223 1660 quam
236 1587 469 1656 renuntiabatur,
480 1587 544 1661 ipse
555 1605 625 1643 cum
635 1584 738 1658 paucis
751 1584 876 1658 hospitia
926 1596 928 1607 '

132 1664 408 1740 singulorumadiit.
439 1665 554 1721 Verum
568 1663 674 1722 clausis
687 1663 879 1721 omniumfo·

131 1743 222 1810 ribus,
235 1742 428 1815 respondente
441 1745 532 1811 nullo,
545 1743 575 1799 in
589 1743 759 1799 cubiculum
773 1740 875 1801 rediit:
926 1760 928 1805 i

131 1819 208 1877 und&
234 1823 297 1899 jam
323 1830 351 1876 et
378 1824 512 1879 custodes
538 1822 725 1895 diffugerant,
754 1819 876 1893 direptis
926 1814 928 1863 l

132 1897 222 1955 etiam
237 1898 382 1973 stragulis,
405 1904 503 1957 amota
517 1911 546 1956 et
560 1898 668 1972 pyxide
680 1899 798 1954 veneni.
831 1901 875 1956 Ac

132 1974 233 2033 statim
255 1976 410 2050 Spicillum
424 1978 703 2044 mi1·millonem,vel
717 1975 876 2048 quemlibet

132 2055 222 2110 alium
245 2071 462 2126 percussorem,
483 2059 568 2134 cujus
586 2073 678 2112 manu
691 2053 814 2125 periret,
833 2071 875 2108 re-
926 2058 928 2105 i

124 2131 252 2205 'quisivit
265 2154 272 2200 ;
295 2142 324 2187 et
333 2134 451 2189 nemine
462 2144 589 2206 reperto,
601 2134 687 2202 Ergo*
699 2149 767 2202 ego,
775 2130 876 2205 inquit,
926 2160 928 2163 ·

132 2229 183 2263 nec
205 2214 328 2266 criticum
348 2213 447 2277 habea,
463 2231 514 2267 nec
528 2207 697 2267 inimicum?
718 2208 876 2282 procurrit·
926 2208 928 2219 ²

133 2307 191 2362 que
206 2287 292 2362 quasi
306 2288 539 2362 precipitatuius
551 2307 584 2344 sc
597 2288 628 2344 in
638 2285 785 2343 Tiberim.

173 2368 231 2424 Sed
245 2378 379 2424 revocato
400 2365 503 2423 ruistis
522 2368 647 2440 impetu,
659 2363 771 2437 aliquid
784 2383 877 2422 secre-

132 2443 216 2500 tioris
236 2444 354 2502 latebrae
378 2446 413 2502 ad
425 2447 634 2520 ‘colligendum
656 2441 791 2500 anirmun
803 2443 877 2500 desi·

132 2521 268 2578 detavit:
290 2529 319 2577 et
331 2523 472 2580 offerente
483 2527 612 2580 Phaonte
626 2521 733 2578 liberto
743 2524 877 2578 suberbu-

70 2625 75 2636 ,
129 2615 206 2654 num
234 2616 321 2656 suum
347 2601 424 2658 inter
446 2601 589 2659 Salariam
612 2611 643 2655 et
660 2601 876 2656 Nomentanam

130 2675 209 2730 uiam
224 2677 303 2732 circa
316 2689 452 2749 quartum
461 2677 654 2738 milliarium:
676 2688 708 2734 ut
721 2689 786 2734 erat
798 2679 878 2733 nudo

129 2752 204 2819 pede
218 2763 307 2825 atque
316 2756 473 2824 tunicatus,
483 2759 623 2828 penulam
635 2754 759 2814 obsoleti
771 2755 876 2812 coloris

63 2879 68 2890 ,
131 2828 335 2900 superindun3
357 2835 555 2908 adopertoque
569 2833 675 2910 capite,
696 2844 728 2911 et
749 2833 816 2893 autc
839 2832 875 2892 fr-
926 2880 928 2887 .
