1875 3267
461 258 545 318 264·

114 404 334 495 amicitiamque
354 413 488 480 petentes
499 418 623 465 venisse
642 400 862 481 Utrumqucin

115 483 302 560 hospitium
295 485 417 552 invitam
443 493 473 540 et
494 483 636 557 quoniam
657 481 720 540 fors
742 499 797 539 eos
815 468 863 538 sub

111 579 173 624 uno
189 574 266 623 tecto
289 581 364 631 esse,
383 573 470 636 atque
490 563 526 618 ad
546 563 667 620 eosdem
681 570 809 648 penates
821 576 864 614 vo

114 644 238 703 luisset·
261 643 433 698 contrahere
448 643 485 697 ad
497 641 677 715 colloquium
688 637 865 698 dirimenda·

113 740 182 778 rum
195 722 382 778 simultatum
395 723 485 778 causa
499 729 543 777 est
556 729 706 783 conatns;
729 715 865 792 Scipione
917 778 919 783 ¹

114 801 270 867 abnuente,
291 807 340 855 aut
353 794 490 872 privatim
507 795 562 854 sibi
574 799 669 856 ullum
689 815 765 855 cnm
778 797 866 853 Paeno

113 878 214 934 odium
227 896 301 946 esse,
314 877 390 952 quod
403 877 598 949 col-loquendo
621 875 744 934 finiret·
767 883 820 930 ant
831 874 865 928 de

115 955 267 1031 republica
281 975 313 1012 se
324 973 393 1010 cum
404 956 488 1010 hoste
498 973 587 1030 agere
597 952 761 1028 quicquam
775 950 866 1027 injus·

116 1052 151 1092 su
167 1037 286 1092 senatus
300 1051 394 1108 posse
425 1033 503 1091 Illud
516 1049 627 1108 magno
639 1051 732 1107 opere
748 1039 866 1086 conten·

115 1115 202 1170 dente
216 1131 296 1188 rege,
309 1130 347 1168 ne
361 1113 434 1169 alter
449 1109 599 1185 hospitum
608 1113 754 1168 exclusus
763 1126 865 1166 mensa

114 1190 272 1279 videretur,
286 1191 361 1248 utin
386 1189 520 1246 animum
533 1187 684 1246 induceret
696 1189 735 1245 ad
747 1187 866 1274 easdem

114 1270 214 1326 uenire
228 1271 342 1343 epulas,
356 1267 434 1326 haud
449 1267 556 1325 abnuit
596 1263 854 1342 Coenatumque
833 1283 874 1320 ειν

114 1348 181 1404 mul
201 1349 278 1420 apud
298 1365 401 1423 regem
422 1356 487 1402 est:
509 1357 539 1402 et
562 1345 663 1402 eodem
677 1345 772 1404 etiam
791 1346 866 1401 lecto

115 1423 216 1496 Scipio
228 1438 316 1499 atque
331 1425 478 1482 Asdrubal
499 1422 602 1500 (qnia
594 1421 636 1480 ita
648 1421 732 1481 cordi
746 1435 812 1480 erat
824 1439 867 1477 re·

115 1501 159 1578 gi)
173 1503 379 1560 accubuerunt
413 1503 511 1559 Tarra
522 1511 621 1559 autem
636 1502 732 1560 inerat
745 1499 867 1560 comitas

116 1580 246 1670 Scipioni
260 1580 347 1654 atque
360 1581 396 1638 ad
409 1581 510 1638 omina
520 1579 678 1637 naturalis
670 1581 788 1656 ingenit
779 1576 866 1638 dex·

115 1659 226 1727 teritus,
241 1669 272 1717 ut
285 1677 343 1716 non
364 1659 535 1734 Syphacem
548 1660 636 1716 modo
648 1659 834 1716 barbarum'
826 1676 866 1716 ιιι·

103 1739 293 1812 'suetumque
308 1738 438 1795 moribus
454 1737 605 1806 Romanis,
618 1739 672 1796 sed
685 1739 807 1796 hostem
819 1736 867 1794 cti·

115 1836 164 1874 am
191 1814 428 1883 infestissimum,
461 1813 584 1874 heundti
609 1817 789 1891 alloquendo
816 1810 865 1872 sibi

115 1895 288 1964 conciliarit,
297 1894 569 1985 mirabilioremque
581 1893 635 1950 sibi
645 1913 715 1951 eum
728 1911 867 1969 congres-

116 1989 150 2030 so
163 1971 264 2029 carim
288 1973 384 2030 visum
411 1989 473 2045 prae
494 1991 527 2029 ae
552 1971 671 2038 serebat,
684 1972 780 2046 quim
795 1974 867 2030 bello

115 2053 203 2108 rebus
216 2052 316 2123 gestis
339 2054 402 2107 Nec
416 2051 555 2120 dubitare,
567 2049 638 2126 quin
652 2051 789 2126 Syphax,
803 2070 868 2127 reg·

114 2145 197 2184 num
203 2147 248 2198 pue
262 2129 328 2206 ejus
340 2129 402 2206 jam
416 2130 444 2185 in
461 2131 663 2186 Romanorum
681 2140 762 2186 esset
775 2142 869 2220 potes-

115 2214 183 2262 tate
194 2203 270 2263 Eam
275 2226 306 2266 ar
308 2218 368 2264 tem
378 2208 455 2266 illi'
430 2225 491 2264 viro
501 2210 536 2268 ad
547 2207 744 2267 conciliandos
752 2209 869 2265 animos

116 2301 190 2340 esse.
211 2285 313 2358 Itaque
327 2303 382 2342 non
404 2286 555 2376 quomodo
574 2285 726 2360 Hispaniae
749 2286 869 2344 amissa

117 2363 184 2430 sint,
197 2366 388 2436 quaerendum
401 2364 498 2440 magis
512 2365 813 2453 Carthaginiensibus
826 2385 870 2455 es-

117 2458 159 2508 se,
182 2441 273 2514 quim
296 2459 355 2516 quo
369 2443 458 2500 modo
473 2443 604 2505 Africam
619 2442 774 2511 retineant,
789 2437 869 2540 cogi·

116 2520 248 2576 tandum.
288 2522 356 2576 Non
366 2537 455 2596 pere
439 2520 664 2589 rrn'nabundum,
676 2520 776 2596 neque
790 2521 869 2580 circa

117 2613 246 2652 aruoenas
259 2614 325 2653 oras
338 2609 495 2670 vagantem
508 2608 620 2655 tantum
634 2602 743 2656 ducem
760 2602 870 2658 Roma·

116 2689 200 2739 num,
216 2673 479 2748 relicti-provincii
505 2693 589 2736 novae
613 2675 743 2745 ditionis,
757 2678 867 2736 relictis

116 2752 304 2820 exercitibus,
317 2753 428 2808 duabus
441 2751 563 2810 navibus
576 2752 608 2811 in
622 2754 760 2814 Africam
779 2756 867 2832 traje-
917 2792 919 2821 ,
