1875 3267
452 239 526 320 ‘sas

120 407 180 464 vit=
199 417 240 476 ut,
253 423 320 480 quae
335 406 486 503 religioC.
498 409 604 478 Mario,
614 407 809 468 clarissimo
783 428 853 477 nro,

119 501 177 541 non
200 485 303 552 luerat,
325 479 483 560 quominus
503 489 541 544 C
559 488 724 556 Glauciam,
745 490 782 545 de
801 507 855 562 quo

118 562 191 618 nihil
202 561 378 622 nominatim
391 575 452 622 erat
464 566 627 632 decretum,
636 567 803 624 Praetorem
811 586 857 624 oc

119 641 239 711 cideret,
252 661 287 698 ea
299 660 353 702 nos
366 642 531 718 religione
524 662 554 700 m
567 644 679 718 privato
692 645 725 701 P.
734 646 857 702 Lentulo

117 719 264 790 puniendo
276 719 479 779 liberaremur.

159 797 258 867 Nunc,
288 796 438 874 quoniam,
470 798 613 870 Quirites,
643 799 860 858 sceleratissimi

118 877 419 963 periculosissimique
435 878 503 936 belli
515 877 642 936 nefarios
654 881 747 936 duces
761 891 860 952 captos

117 951 182 1029 jam
202 964 230 1010 et
244 958 469 1030 comprehensos
491 958 607 1026 tenetis,
626 956 800 1013 existimare
815 958 859 1013 de·

118 1032 194 1088 betis
204 1051 306 1090 omnes
314 1034 445 1090 Catilinae
457 1032 565 1107 copias,
574 1053 677 1092 omnes
690 1053 762 1109 spes
776 1043 859 1109 atque

118 1127 201 1183 opes,
222 1111 268 1168 bis
291 1112 418 1185 depulsis
432 1113 514 1169 urbis
531 1113 679 1186 periculis,
693 1111 860 1170 concidisse.

119 1191 218 1260 Quem
242 1189 362 1264 quidem
382 1209 439 1279 ego
459 1189 530 1247 edm
550 1210 590 1248 ex
612 1192 685 1248 urbe
703 1192 857 1265 pellebam,

120 1267 176 1323 hoc
191 1268 377 1338 providebam
395 1268 503 1337 animo,
515 1268 656 1342 Quirites,
677 1280 798 1325 remoto
810 1270 860 1326 Ca·

116 1344 209 1412 rilint,
233 1363 289 1402 nec
302 1345 377 1401 mihi
388 1364 453 1404 esse
466 1348 499 1404 P.
511 1345 629 1405 Lentuli
643 1365 798 1414 sumnum,
809 1363 858 1403 nec

118 1425 153 1482 1..
168 1421 263 1480 Cassii
281 1423 407 1511 adipem,
427 1443 484 1481 nec
498 1423 625 1500 Cethegi
647 1424 796 1480 furiosam
822 1435 859 1480 te-

117 1501 283 1570 meritatem
302 1499 578 1575 pertimescendam.
623 1502 677 1559 Ille
700 1513 765 1559 erat
787 1521 858 1559 unus

118 1580 266 1637 timendus
285 1599 324 1636 ex
347 1579 395 1638 his
413 1583 561 1649 omnibus,
582 1582 634 1640 sed
654 1578 772 1638 tamdiu
790 1577 857 1636 drim

119 1659 266 1716 moenibus
294 1657 375 1716 urbis
395 1659 617 1718 continebatur:
647 1659 749 1716 omnia
771 1670 858 1724 norat,

118 1738 253 1795 omnium
274 1737 370 1794 aditus
395 1739 530 1794 tenebat:
556 1739 723 1811 appellare,
739 1745 856 1805 tentare,

121 1815 277 1873 sollicitare
290 1827 413 1887 poterat,
426 1816 565 1872 audebat.
587 1826 650 1872 erat
661 1815 689 1872 ei
704 1813 857 1871 consilium

120 1895 156 1950 ad
170 1893 281 1952 facinus
295 1906 413 1968 aptum·
436 1893 557 1950 consilio
569 1903 670 1950 autem
691 1891 790 1966 neque
807 1883 855 1952 liii·

120 1989 183 2048 gua
192 1971 287 2046 nequ&
305 1989 411 2031 manus
425 1973 532 2030 deerat
573 1973 640 2029 Jam
653 1972 690 2028 ad
704 1981 802 2028 certas
814 1989 855 2027 res

123 2047 318 2107 conficiendas
344 2060 439 2108 certos
460 2051 595 2107 homines
607 2051 737 2108 delectos
758 2051 856 2106 aede

121 2127 246 2200 scriptos
264 2129 393 2186 habebat
437 2128 543 2202 Neque
563 2125 635 2185 verb
657 2125 729 2184 crim
751 2125 856 2200 aliquid

119 2206 317 2273 mandaverat,
340 2205 507 2265 consectum
529 2207 654 2279 putabat
695 2205 782 2262 Nihil
798 2217 854 2261 erat

120 2285 198 2357 quod
223 2299 282 2340 non
308 2284 371 2358 ipse
393 2282 494 2374 obiret,
520 2292 696 2368 occurreret,
717 2283 855 2358 vigilaret,

123 2363 286 2420 laboraret.
306 2361 410 2436 frigus,
425 2361 516 2432 sitim,
525 2346 636 2420 famem
649 2361 732 2419 ferre
739 2373 854 2434 poterat.

120 2441 211 2498 Hunc
219 2459 275 2514 ego
284 2442 435 2497 homiuem
447 2449 508 2496 tam
519 2458 629 2508 acrem,
644 2450 705 2498 tam
714 2451 855 2514 paratum,

119 2527 181 2574 tam
195 2520 342 2584 audacem,
362 2527 423 2574 tam
443 2519 593 2581 callidum,
613 2530 673 2574 tam
695 2519 726 2574 in
747 2520 853 2575 scelere

119 2595 300 2668 vigilantem,
317 2605 377 2650 tam
392 2595 420 2650 in
433 2595 556 2668 perditis
568 2597 654 2651 rebus
678 2595 853 2671 diligentem,

117 2672 175 2728 nisi
189 2689 227 2726 ex
241 2672 409 2728 domesticis
431 2669 571 2728 insidiis'
564 2691 593 2726 m
611 2683 758 2730 castrense
773 2676 854 2730 latro-

118 2746 228 2804 cinium
241 2749 460 2822 compulissem,
476 2746 576 2811 dicam
591 2748 631 2821 id,
652 2753 732 2825 quod
755 2751 852 2820 sentio,
