1875 3267
131 273 134 283 .
385 245 387 250 ·
473 225 515 278 80

122 322 215 378 trium
229 317 301 394 agis,
314 316 503 394 praecipuum
513 315 611 374 ferunt
624 317 794 392 praemium
820 323 875 396 qni

121 395 327 472 procacissime
336 393 637 472 pluistuimemoriae
648 396 785 466 illudant,
795 399 876 475 Sog-

118 477 237 536 dianam
250 475 402 550 regionem
416 473 491 532 mihi
505 472 649 545 attribuis,
672 476 762 533 toties
775 481 875 535 rebel·
919 468 921 517 ἶ

122 558 192 620 lem,
206 565 236 611 et
247 571 305 611 non
319 553 407 612 modb
420 552 605 622 indomitam,
618 555 669 611 sed
683 571 752 630 quae
766 573 808 614 ne
824 575 875 614 su·

121 635 183 710 bigi
197 633 317 708 quidem
334 633 447 706 possit:
468 632 571 690 mittor
584 635 620 690 ad
635 632 713 690 feras
725 635 843 692 bestias
863 636 875 690 l

121 711 284 787 praecipitia
304 712 422 788 ingenia
443 712 580 769 sortitas:
602 713 654 770 sed
674 730 744 786 quae
767 714 806 770 ad
822 733 874 770 me

121 790 270 865 pertinent
286 801 412 849 transeo.
451 787 582 865 Philippi
607 789 718 848 milites
739 793 873 864 spernis,

103 937 105 942 y
122 869 237 940 oblitus,
250 869 308 928 nisi
323 867 371 926 hic
385 869 523 928 Atharias
538 887 630 926 senex
643 869 779 946 juniores
790 888 872 948 pug·

120 965 191 1013 nam
204 952 398 1008 detrectantes
412 958 587 1015 revocasset,
600 947 697 1005 adhuc
711 965 768 1004 nos
784 949 867 1006 circa
919 1002 921 1009 .

123 1029 505 1088 Halicarnassumhaesuros
513 1025 603 1083 fuisse
607 1048 620 1116 Ι·
632 1025 785 1102 quomodo
794 1027 869 1102 ergb
919 1022 921 1037 '

123 1108 228 1167 Asiam
241 1106 329 1164 etiam
344 1125 415 1163 cum
429 1104 494 1162 istis
506 1104 671 1182 junionbu's
688 1105 844 1182 subjecisti
860 1107 869 1159 ἓ
919 1122 921 1129 ·

121 1188 240 1244 Verum
254 1195 307 1254 est,
317 1195 351 1242 ut
369 1184 482 1257 opinor,
492 1186 571 1260 quod
578 1185 764 1248 avunculum
778 1193 868 1242 tuum

121 1267 153 1323 in
167 1265 252 1322 ltalia
265 1265 374 1321 dixisse
388 1273 502 1321 constat
516 1283 525 1330 3
546 1262 645 1337 ipsum
658 1261 689 1319 in
700 1262 781 1319 viros
792 1262 865 1319 inci·

121 1344 210 1410 disse,
222 1351 251 1398 te
264 1343 295 1398 in
313 1340 445 1398 feminas.
487 1341 570 1399 Nihil
583 1363 590 1412 ;
612 1361 650 1399 ex
670 1341 811 1399 omuibus
825 1341 868 1399 in·

122 1418 253 1478 consulte
266 1439 299 1477 ac
312 1417 425 1476 temere
436 1420 534 1498 jactis,
555 1440 660 1498 regem
680 1419 781 1494 magis
801 1439 866 1477 mo·

122 1509 213 1556 verat·
223 1495 315 1572 quam
327 1499 529 1556 Parmenionis
542 1518 613 1558 cum
627 1502 738 1556 honore
753 1498 866 1556 mentio

122 1575 211 1644 illata,
249 1577 393 1633 Dolorem
403 1585 504 1634 tamen
514 1596 567 1636 rex
580 1581 696 1652 pressit,
705 1587 865 1635 contentus

120 1653 285 1733 jussissent
295 1653 427 1713 convivio
440 1658 598 1714 excederet
608 1678 616 1712 :
626 1675 684 1714 nec
697 1656 864 1731 quidquam

123 1735 202 1795 aliud
215 1733 332 1813 adjecit,
351 1734 442 1811 quam
467 1733 587 1793 forsitan
607 1754 687 1805 eum,
707 1736 732 1791 si
752 1733 862 1792 diurnis

121 1813 350 1890 loquutusforet,
359 1817 604 1889 exprobraturum
612 1812 665 1873 sibi
675 1814 767 1872 fuisse
775 1814 862 1871 vitam

121 1896 313 1969 asemetipso
332 1894 448 1961 datam;
471 1895 527 1949 hoc
546 1893 628 1951 enim
648 1890 772 1965 superbe
785 1891 863 1967 sape

119 1970 256 2050 jactasse.
309 1974 410 2044 Atque
434 1971 520 2029 illum
545 1981 734 2029 cunctantem
766 1973 860 2028 adhuc

122 2068 254 2126 surgere,
279 2050 331 2123 qui
351 2048 482 2123 proximi
508 2049 535 2106 ei
555 2052 726 2119 cubuerant,
744 2048 862 2128 injectis

121 2127 267 2197 manibus,
277 2127 431 2204 jurgantes
453 2138 664 2204 monentesque
687 2132 861 2186 conabantur

122 2207 274 2263 abducere.
319 2205 425 2276 Clitus,
456 2225 550 2281 quum
575 2209 801 2275 abstraheretur,
825 2208 860 2264 ad
919 2220 921 2283 j

121 2284 276 2360 pristinam
301 2283 469 2349 violentiam
501 2285 548 2342 ira
582 2304 701 2362 quoque
739 2285 859 2364 adjecta,
919 2292 921 2367 ξ

123 2381 177 2420 suo
185 2373 304 2437 pectore
311 2373 429 2440 tergum
437 2365 586 2424 illiusesse
593 2365 767 2434 defensum3
781 2381 858 2422 nuuc

122 2441 279 2517 postquim
289 2444 360 2501 tanti
373 2441 472 2502 meriti
482 2442 761 2518 praeteriittempus,
770 2444 856 2500 etiam
919 2438 921 2473 ³

19 2595 21 2608 ,
121 2521 298 2578 memoriam
316 2521 440 2580 invisam
461 2543 537 2595 esse,
558 2525 738 2595 proclamat:
769 2522 856 2580 Attali
919 2540 921 2569 ε

122 2617 239 2676 quoque
249 2601 361 2658 caedem
374 2600 545 2678 objiciebat3
559 2612 589 2658 et
601 2602 636 2659 ad
649 2600 797 2671 ultimum,
809 2600 855 2659 Jo·
919 2624 921 2677 ς

122 2679 175 2751 vis,
195 2698 285 2756 quem
307 2691 419 2754 patrem
438 2679 492 2739 sibi
516 2679 686 2739 Alexander
706 2691 856 2750 assereret,
