1875 3267
486 249 524 306 76

131 391 258 467 quamsi
271 393 362 450 libero
377 410 465 450 cursu
479 403 594 453 mearet
602 393 734 453 illiditur.
765 398 874 456 Arcem

132 489 248 545 quoque
262 470 374 529 anrbitu
393 492 435 530 xx
456 474 547 532 stadia
570 476 760 546 complexam
773 478 875 534 habet:

132 569 197 606 xxx
212 551 301 622 pedes
314 550 344 607 in
357 561 468 610 terram
486 554 613 610 turrium
626 552 820 612 fundamenta
832 557 876 611 de·

131 627 223 684 missa
246 639 332 700 sunt3
355 631 391 687 ad
412 651 497 689 cxxx
519 650 671 693 summum
698 633 875 691 munimenti

131 705 284 782 fastigium
297 712 436 783 pervenit.

160 783 256 858 Super
270 806 347 856 arce,
356 792 508 878 vulgatum
516 791 813 849 Graecorumfabulis
827 791 878 848 mi·

132 866 275 934 naculum,
293 866 421 942 pensiles
434 870 511 927 horti
525 878 601 937 sunt,
615 889 767 927 summam
781 889 878 927 muro-

132 960 201 1002 rum
214 943 274 1003 altit
276 947 396 1005 udinem
417 959 577 1022 aequantes,
597 951 823 1024 multarumque
836 969 876 1005 ar-

130 1023 237 1082 borum
250 1027 355 1084 umbra
369 1036 398 1083 et
409 1026 586 1098 proceritate
599 1027 717 1084 amoeni
744 1030 826 1085 Saxo
825 1026 878 1102 pi-

131 1105 238 1178 laequae
261 1114 357 1162 totum
370 1123 444 1162 onus
465 1105 610 1164 sustinent
623 1106 777 1164 instructae
793 1116 875 1164 sunt

134 1201 224 1258 super
236 1185 310 1258 pilas
323 1181 418 1259 lapide
432 1185 572 1259 quadrato
582 1188 678 1241 solum
687 1194 816 1243 stratum
825 1194 877 1250 est,

132 1263 246 1337 patiens
259 1271 347 1321 terrae
369 1282 457 1338 quam
478 1264 590 1320 altam
583 1263 719 1354 injiciunt
733 1274 763 1320 et
776 1265 877 1321 humo·

132 1341 174 1398 ris
187 1359 245 1430 quo
260 1341 356 1415 rigant
367 1351 479 1412 terras;
501 1342 633 1418 adedque
641 1342 750 1400 validas
762 1346 876 1400 arbores

134 1418 279 1476 sustinent
292 1422 396 1486 moles,
410 1431 443 1475 ut
451 1421 563 1494 st1p1tcs
574 1440 678 1479 earum
691 1440 753 1480 vm
769 1416 876 1478 cubito·

132 1515 200 1553 rum
212 1495 339 1568 spatium
350 1499 542 1557 crassitudine
556 1510 684 1574 aequent,
698 1501 727 1558 in
738 1519 756 1557 a
767 1501 875 1587 pedum

133 1575 194 1632 altit
198 1575 317 1634 udinem
337 1577 495 1648 emineant,
515 1588 544 1637 et
564 1579 729 1655 frugiferae
736 1580 796 1636 sint
810 1589 843 1636 ut
854 1595 875 1633 sr

87 1703 91 1709 ,
133 1658 213 1711 terra
235 1674 287 1712 sua
310 1657 476 1715 alerentur:
498 1667 527 1714 et
547 1677 641 1733 quum
660 1668 803 1726 uetustas,
822 1676 875 1714 non

134 1753 242 1814 opera
237 1733 333 1793 solum
351 1755 441 1794 manu
455 1735 539 1803 lacta,
553 1738 605 1794 sed
617 1736 707 1794 etiam
718 1738 819 1813 ipsam
830 1756 876 1793 na·

134 1825 231 1872 turam
249 1812 391 1889 paulatim
405 1816 558 1874 exedendo
570 1816 714 1890 perimat;
737 1819 805 1876 haec
819 1835 877 1873 mo·

134 1897 187 1962 les,
201 1913 268 1968 quae
283 1904 325 1951 tot
335 1897 473 1952 arborum
486 1894 631 1952 radicibus
638 1895 786 1968 premitur
799 1894 878 1952 tanti-

135 1992 192 2047 que
200 1972 332 2030 nemoris
345 1974 474 2046 pondere
488 1982 606 2030 onerata
618 1982 673 2041 est,
684 1975 878 2032 inviolatadu·

134 2061 197 2108 rat·
220 2049 327 2123 quippe
341 2070 383 2105 xx
404 2050 454 2107 lati
474 2052 597 2125 parietes
618 2052 773 2122 sustinent,
793 2054 878 2110 uude·

136 2130 195 2186 cim
210 2129 319 2202 pedum
333 2126 483 2188 intervallo
496 2130 654 2199 distantes;
675 2143 708 2188 ut
722 2131 864 2219 procul'
841 2150 879 2187 u-

137 2207 267 2265 sentibus
287 2208 375 2280 sylvae
389 2208 537 2266 montibus
549 2209 612 2266 suis
624 2208 784 2268 imminere
803 2208 879 2266 vide·

136 2298 230 2346 antur
251 2283 345 2360 Syriae
357 2304 468 2362 1egem,
478 2285 624 2360 Babylone
633 2301 818 2365 regnantem,
826 2289 877 2346 hoc

135 2383 210 2441 opus
224 2383 287 2423 esse
310 2366 457 2434 molitum,
481 2368 635 2425 memoriae
657 2369 810 2442 proditum
830 2378 879 2434 est,

136 2463 238 2508 amore
251 2445 386 2524 conjugis
398 2446 521 2515 victum,
534 2464 611 2520 quae,
621 2445 769 2505 desiderio
781 2465 878 2504 nemo·

136 2545 204 2586 rum
218 2521 432 2596 silvarumque
425 2542 456 2580 m
470 2524 684 2595 campestribus
697 2525 810 2582 locis
784 2543 876 2582 virum

136 2599 298 2695 compulit
306 2603 413 2660 amaeni
415 2613 505 2659 tatem
525 2612 636 2660 naturae
658 2621 768 2678 genere
792 2603 878 2680 hujus

136 2684 234 2758 operis
248 2680 313 2736 imit
315 2681 366 2736 ari.
399 2678 538 2737 Diutius
531 2698 561 2736 m
575 2683 631 2736 hac
645 2684 717 2738 urbe
731 2701 824 2755 quam
834 2701 878 2738 us·

135 2779 227 2834 quam
241 2757 370 2813 constitit
383 2775 455 2823 rex;
470 2776 526 2816 nec
539 2760 616 2817 ullus
627 2759 876 2834 locusdisciplina

138 2835 258 2900 militari
271 2835 367 2912 magis
379 2835 491 2894 nocuit.
