1875 3267
422 266 484 319 395

82 407 161 469 ciem
174 411 290 466 obtento
304 409 428 477 sudario,
448 425 557 482 equum
578 407 729 474 inscendit,
747 424 817 480 qua·

81 498 152 546 tuor
165 486 260 544 soldm
274 487 487 553 comitantibus,
495 485 569 543 inter
580 504 653 560 quos
665 496 695 543 et
708 488 818 558 Sponus

81 575 153 623 erat.
175 560 337 638 Statimque
350 569 480 621 tremdte
490 574 588 633 terrae,
600 575 630 619 et
641 563 760 640 fulgure
770 564 818 619 ad·

80 662 168 701 verso
180 643 359 718 pavefactus,
379 643 468 702 audiit
489 661 527 698 ex
549 640 694 716 proximis
717 640 819 699 castris

81 723 243 784 clamorem
268 719 405 792 militum,
430 733 460 778 et
485 719 539 776 sibi
564 721 694 787 adversa,
715 722 818 777 Galbae

80 817 223 874 prospera
235 797 446 856 ominantium:
468 797 556 856 etiam
577 816 614 853 ex
627 797 718 854 obviis
731 797 819 857 viato-

82 876 165 936 ribus
184 879 343 954 quemdam
356 878 522 945 dicentem3
544 879 586 932 Hi
599 879 742 932 Neronem
750 885 819 943 per-

83 970 266 1049 sequuntur:
299 956 390 1014 alium
416 954 623 1022 sciscitantem,
649 958 764 1024 Ecquid
788 957 819 1015 ira

82 1035 150 1089 urbe
162 1053 228 1090 noue
225 1038 277 1090 de
291 1033 472 1092 Nerone?
452 1033 541 1108 Equo
559 1043 658 1090 autem
670 1034 759 1089 odore
772 1035 820 1088 ab·

81 1111 154 1200 jecti
166 1113 196 1170 in
209 1113 257 1170 visa
270 1111 420 1171 cadavetis
433 1121 596 1170 consternat
597 1132 624 1180 0,
645 1113 761 1168 detecta
779 1110 820 1166 fa-

83 1187 129 1246 cie
143 1191 259 1265 agnitus
270 1195 339 1249 est
327 1211 344 1246 a
357 1193 485 1264 quodam
497 1191 623 1248 missitio
635 1189 821 1264 praetoriano,

83 1277 114 1324 et
128 1272 230 1326 salutat
219 1279 277 1327 tus
310 1270 352 1326 Ut
362 1271 397 1326 ad
411 1268 619 1328 divelticulum
632 1277 753 1325 ventum
767 1278 820 1335 est,

83 1345 218 1404 dimissis
237 1347 320 1421 equis
340 1347 416 1404 inter
438 1347 577 1406 fruticeta
592 1363 821 1420 acvepre3,pe1·

83 1425 248 1482 arundineti
262 1425 398 1484 semitam
412 1425 502 1501 aegre,
518 1445 579 1483 nec·
593 1425 650 1485 nisi
664 1428 754 1482 strati
767 1426 820 1481 sub

84 1503 207 1576 pedibus
230 1515 318 1572 veste,
340 1505 375 1560 ad
397 1506 555 1562 adversum
576 1503 654 1562 vinae
679 1504 820 1578 parietem

84 1581 184 1638 evasit.
215 1580 259 1638 Ibi
272 1584 403 1640 hortante
418 1585 522 1639 eodem
535 1584 674 1650 Phaonte,
686 1592 719 1638 ut
732 1581 831 1637 inter·-

85 1653 128 1716 im
149 1660 179 1717 in
202 1679 325 1735 specum
341 1669 451 1734 egestae
466 1678 562 1718 arenae
576 1662 758 1725 concederet,
771 1676 821 1717 ne·

85 1737 165 1814 gavit
177 1759 205 1795 ae
213 1743 313 1794 viuum
326 1743 375 1794 aad
391 1751 501 1794 terram
513 1741 643 1792 iturum:
657 1757 690 1794 ac
703 1753 820 1808 patum·

84 1832 138 1886 pen
150 1826 356 1884 commoratus,
369 1814 449 1874 ‘dnm
462 1817 658 1873 clandestinus
671 1817 707 1872 ad
720 1816 820 1872 villam

83 1893 218 1954 introitus
230 1907 390 1969 pararetur,
399 1913 507 1968 aquam
518 1912 556 1950 ex
567 1893 701 1970 subjecta
713 1895 820 1950 lacuna

83 1983 235 2045 potaturus
257 1973 347 2030 manti
368 1971 483 2030 hausit:
504 1985 532 2026 et
553 1974 618 2029 Haec
641 1985 693 2039 eat,
715 1970 820 2046 inquit,

84 2055 210 2107 turonis
224 2055 345 2108 decocto.
378 2049 491 2108 Deinde
503 2048 616 2108 divulsa
628 2050 757 2109 sentibus
770 2068 821 2124 pe-

83 2129 156 2186 nuta
168 2129 306 2206 trajectos
319 2131 450 2187 surculos
464 2126 554 2187 rasit:
576 2139 663 2204 atque
676 2130 716 2187 ita
727 2131 817 2205 quad·

84 2225 173 2282 rupes
182 2223 235 2280 pet·
245 2209 395 2283 angustias
403 2209 517 2266 effossae
527 2225 661 2266 cavernae
675 2218 820 2282 receptus,

83 2284 303 2362 inproximam
324 2289 428 2357 cellam
450 2287 585 2347 decubuit
606 2303 696 2360 super
708 2289 819 2344 lectum

83 2365 243 2423 modicelld
257 2363 372 2430 culcitis,
386 2376 484 2422 vetere
497 2365 583 2439 pallio
597 2376 685 2422 strato
695 2365 820 2421 instruc-

83 2456 160 2500 tum.
200 2443 347 2516 Fameque
362 2439 480 2500 interim
503 2453 532 2501 et
544 2441 592 2502 siti
610 2445 819 2516 interpellante,

83 2537 191 2594 panem
204 2519 324 2593 quidem
345 2519 495 2578 sordidum
507 2522 635 2578 oblatum
651 2530 819 2594 aspernatus

84 2609 138 2666 est,
151 2616 234 2672 aquae
249 2610 346 2656 autem
360 2599 465 2672 tepidae
478 2598 688 2688 aliquantuldm
702 2597 780 2654 bibit.

126 2679 215 2734 Tunc
241 2695 416 2750 unoquoque
444 2674 513 2734 hinc
539 2677 607 2732 inde
632 2677 765 2746 instante,
786 2689 819 2734 ut

84 2758 176 2844 quam
196 2753 326 2828 pnimdm
347 2775 377 2811 se
391 2754 623 2848 impendentibus
636 2758 819 2812 contumeliis

84 2834 218 2905 eripenet,
238 2835 369 2901 scrobem
383 2850 483 2889 eo1am
504 2831 598 2888 fien‘i
591 2834 753 2905 imperatit,
776 2834 817 2889 di·
