1875 3267
460 287 523 343 346

118 434 173 506 pul
185 433 467 499 demonstravimus3
489 435 612 489 summa
631 434 660 490 vi
681 437 718 490 ab
732 432 862 507 utrisque

118 512 310 569 contenditur.
332 512 542 570 Laborantibus
556 511 863 568 nostrisCaesarGer·

117 610 219 646 manos
232 591 389 659 submittit,
404 577 598 666 legioiresqne
610 607 666 663 pro
680 592 789 647 castris
799 607 862 644 eon·

117 667 219 734 stituit,
229 688 266 725 ue
281 691 338 746 qua
352 670 447 726 subitb
464 669 587 744 irruptio
609 671 646 724 ab
667 667 803 725 hostium
815 685 862 740 pe·

117 745 207 804 ditatu
222 747 279 804 liat.
306 749 446 806 Praesidio
459 747 612 824 legionum
627 747 738 816 addito,
760 744 863 802 nostris

116 826 232 882 animus
246 841 388 903 augetur3
410 830 509 884 hostes
522 827 553 883 in
572 825 676 901 lugam
690 824 821 901 conjecti
834 843 862 879 se

116 904 174 980 ipsi
194 906 383 962 multitudine
401 905 582 980 impediupt;
605 917 694 979 atque
715 904 862 978 augustio-

117 984 199 1039 ribus
221 986 312 1058 portis
333 984 471 1060 (relictis)
494 994 690 1041 coarctantur.
720 982 860 1038 Germani

118 1061 217 1119 acrius
238 1061 332 1138 usque
354 1065 391 1120 ad
412 1063 592 1122 munitiones
614 1072 791 1137 sequuntur.
821 1059 862 1116 Fit

117 1157 227 1215 magna
241 1143 345 1199 caedes.
367 1142 519 1211 Nonnulli,
529 1140 638 1198 relictis
649 1138 861 1213 equis,.f0ssam

118 1220 253 1287 transire,
267 1231 296 1276 et
310 1221 471 1278 maceriam
485 1221 693 1279 transceudere
714 1230 862 1275 conantur.

118 1295 244 1354 Paulum
265 1299 396 1373 legiones
409 1301 510 1368 Cesar,
533 1317 606 1372 quas
627 1315 683 1370 pro
697 1299 776 1354 vallo
801 1315 863 1354 con·

119 1375 263 1444 stituerat,
283 1378 450 1450 promoveri
472 1376 563 1452 jubet.
598 1378 668 1434 Nou
683 1373 798 1442 mimis,
818 1375 864 1451 qui

118 1453 194 1510 intra
216 1453 396 1511 munitiones
424 1466 516 1524 eraut,
543 1453 622 1512 Galli
645 1457 863 1529 perturbantur.

119 1532 225 1590 Veniri
240 1534 275 1589 ad
289 1551 321 1591 se
335 1532 493 1591 confestim
507 1533 725 1600 existimantes,
738 1535 777 1590 ad
790 1552 864 1589 armo

119 1614 313 1670 conclamant.
333 1612 479 1670 Nonnulli
499 1611 648 1688 perterriti
672 1611 706 1667 in
727 1612 864 1686 oppidum

119 1689 299 1767 irrumpunt.
330 1691 562 1768 Vercingetorix
581 1691 665 1766 jubet
677 1702 783 1764 portas
795 1692 866 1747 clau·

119 1769 159 1838 di,
169 1789 206 1828 ne
216 1780 310 1828 castra
320 1770 477 1828 nudentur.
499 1770 606 1826 Multis
615 1768 784 1826 interfectis
793 1789 866 1827 com·

118 1849 254 1920 pluribus
268 1849 352 1922 equis
367 1849 468 1924 captis,
481 1849 625 1906 Germani
636 1867 704 1905 sese
715 1847 865 1922 recipiunt.

119 1927 362 2002 Vercingetorix,
375 1926 553 2002 priusquam
566 1927 750 1983 munitiones
765 1930 802 1984 ab
816 1929 866 1983 Ro·

120 2003 216 2060 manis
238 2007 436 2076 perficiantur,
458 2005 618 2063 consilinm
633 2005 733 2078 capit,
748 2023 866 2062 omnem

121 2079 184 2137 ase
199 2083 357 2156 equitatem
381 2095 470 2144 noctu
492 2084 650 2140 dimittere.
682 2082 867 2141 Discedenti-

120 2159 174 2216 bus
194 2163 321 2229 mandat,
345 2173 377 2220 ut
400 2181 485 2220 suam
508 2162 634 2236 quisque
649 2181 760 2220 eorum
776 2163 868 2218 civita·

119 2247 180 2294 tem
196 2241 287 2305 adeat,
308 2259 481 2320 ompesque,
505 2243 556 2315 qui
581 2256 634 2313 per
656 2252 777 2299 :etatem
793 2261 869 2299 arma

121 2315 197 2374 serre
211 2320 333 2390 possint,
356 2322 391 2377 ad
414 2321 524 2377 bellum
540 2331 658 2395 cogant.
689 2323 752 2377 Sua
765 2319 796 2377 in
810 2321 869 2378 illos

120 2396 225 2453 merita
239 2400 374 2470 proponit
390 2419 396 2461 ;
417 2401 649 2473 obtestaturque,
672 2410 706 2455 ut
720 2416 784 2455 suae
798 2403 869 2456 salu-

120 2477 158 2531 tis
174 2475 318 2532 rationem
332 2478 464 2544 habeant,
485 2496 591 2534 nense
614 2479 650 2532 de
669 2478 825 2534 communi
840 2480 870 2532 li-

119 2555 229 2609 bertate
239 2553 349 2626 optime
363 2555 505 2611 meritum
517 2555 546 2610 in
558 2555 725 2611 cruciatum
737 2558 866 2612 hostibus

119 2631 244 2698 dedant;
266 2633 317 2705 qui
340 2631 365 2688 si
386 2632 620 2706 indiligentiores
635 2634 756 2699 fuerint,
780 2637 867 2692 rnillia

116 2706 274 2763 bominum
289 2727 374 2764 cxxx
390 2712 503 2766 delecta
523 2729 627 2766 secum
648 2713 803 2770 interitura
819 2717 866 2770 de·

118 2794 260 2840 monstrat
274 2804 281 2838 :
305 2787 417 2842 ratione
429 2788 512 2854 inita,
524 2787 708 2847 frumentum
720 2810 753 2848 se
761 2794 865 2870 <unguex
