1875 3267
411 269 448 325 71

56 419 114 484 bat,
128 414 218 471 libero
241 412 356 487 impetu
368 420 477 483 evecta,
489 412 520 469 in
532 411 607 473 aliud
619 412 796 492 quinquere-

59 492 118 549 mis
129 494 207 549 latus
227 490 436 559 invehebatur3
458 508 562 566 quum,
580 495 794 569 opportunitate

57 570 143 640 mira,
150 568 303 627 triremis&
313 571 404 626 classe
416 569 578 627 Alexandri
588 570 618 627 in
626 590 689 629 eam
697 572 794 646 ipsam

57 668 124 725 qnae
140 646 343 723 quinqueremi
356 645 529 704 imminebat
539 650 617 705 tanta
628 648 655 704 vi
667 649 794 726 impulsa

57 737 111 797 est,
124 736 158 785 ut
170 725 282 800 Tyrius
291 728 466 801 gubernator
474 724 504 782 in
513 744 597 783 marc
607 738 794 796 excuteretur

56 805 73 862 ὲ
85 804 192 881 puppi.
212 804 317 861 Plures
328 802 430 862 deinde
440 804 641 861 Macedonum
650 822 794 867 navesau·

56 883 242 959 perveniunt,
255 892 284 939 et
298 900 350 938 rex
370 899 488 957 quoque
499 883 609 949 aderat,
621 899 718 957 quum
732 886 792 960 Ty-

39 1004 44 1015 .
56 963 102 1031 rii,
111 957 266 1019 innitentes
276 958 377 1028 remis,
386 957 466 1038 aegre
475 961 605 1017 evellunt
613 976 718 1019 navem
726 981 792 1039 quae

56 1042 198 1107 haerebat,
216 1048 391 1114 pontumque
407 1036 507 1098 omnia
519 1038 608 1096 simul
622 1037 738 1114 navigia
749 1058 795 1097 re-

56 1127 169 1193 petunt.
188 1112 352 1174 Confestim
365 1133 418 1173 rex
430 1115 586 1185 insecutus,
598 1125 718 1190 portum
731 1119 795 1193 qui-

56 1198 128 1253 dem
142 1195 248 1251 intrare
260 1210 319 1250 non
331 1194 435 1267 potuit,
447 1211 543 1269 quum
555 1194 659 1269 procul
671 1191 688 1249 d
701 1192 794 1253 niuris

56 1272 217 1333 missilibus
230 1274 457 1338 submoveretur,
476 1288 567 1330 naves
579 1279 677 1331 autem
689 1290 812 1333 omnes.

56 1350 118 1409 ferd
131 1362 181 1409 aut
193 1350 332 1407 demersit
344 1359 394 1407 aut
405 1350 492 1424 cepit.
608 1396 616 1417 ,.

96 1430 190 1487 Biduo
216 1426 319 1485 deinde
345 1429 381 1486 ad
402 1429 533 1503 quietem
553 1429 619 1485 dato
638 1426 792 1499 militibus,

54 1507 204 1585 jussisque
217 1514 246 1562 et
266 1508 389 1565 classem
408 1514 438 1563 et
456 1506 606 1577 machinas
618 1505 728 1581 pariter
740 1508 791 1565 ad-

55 1603 186 1652 movere,
204 1593 236 1641 ut
249 1583 395 1659 utrimque
406 1584 514 1649 territis
526 1583 660 1651 instaret;
682 1583 747 1659 ipse
760 1585 791 1642 in

57 1662 228 1735 altissimam
236 1671 348 1719 turrem
357 1662 494 1729 ascendit,
503 1658 613 1735 ingenti
623 1661 791 1735 animo,pe·

56 1741 152 1798 riculo
165 1740 274 1817 majore
287 1761 295 1794 ε
317 1738 427 1815 quippe
440 1738 525 1813 regio
544 1736 650 1811 insigni
659 1747 688 1793 et
700 1738 792 1794 arrms

56 1818 233 1895 fulgentibus
252 1818 437 1891 conspicuus,
457 1824 533 1873 unus
558 1811 707 1886 praecipue
726 1814 792 1871 telis

56 1900 220 1973 petebatur.
259 1896 298 1953 Et
310 1894 398 1969 digna
415 1892 539 1969 'prorsds
553 1893 719 1965 spectaculo
733 1892 792 1949 edi-
860 1899 864 1907 '

56 1976 111 2032 dit:
125 1977 234 2032 multos
247 1972 263 2030 e
275 1973 369 2030 muris
376 1978 594 2048 propugnantes
605 1970 687 2027 hasta
699 1980 791 2027 trans·

57 2054 139 2122 lixit;
154 2052 294 2127 quosdam
308 2050 404 2119 etiam,
418 2048 551 2107 cominus
563 2046 660 2125 gladib
673 2050 790 2123 clypeo·

56 2150 112 2206 que
126 2131 279 2205 impulsos,
296 2126 507 2205 praecipitavite
528 2126 638 2202 quippe
650 2126 738 2184 turris
750 2146 793 2203 exp

56 2214 115 2285 qut
138 2207 292 2266 dimicabat
309 2204 402 2265 muris
423 2204 551 2262 hostium
575 2205 789 2278 propemodum

29 2344 31 2351 ,
53 2288 231 2344 cohaerebat.
251 2287 373 2361 Jamque
384 2282 492 2342 crebris
502 2282 637 2339 arietibus
650 2299 791 2340 saxorum

57 2384 200 2439 compage
225 2366 329 2432 laxata,
358 2361 541 2419 munimenta
563 2358 735 2429 defecerant,
760 2370 789 2416 et

56 2442 158 2501 classis
171 2443 325 2499 intraverat
337 2450 465 2516 portum,
478 2447 508 2495 et
520 2438 638 2513 quidam
651 2438 790 2495 Maccdo-

56 2540 127 2579 num
154 2522 183 2577 in
205 2526 301 2584 tinres
319 2518 448 2576 hostium
468 2518 597 2573 desertas
617 2526 786 2583 evaserant3

57 2618 150 2675 quum
164 2598 256 2673 'syrii
274 2608 317 2655 tot
328 2596 417 2655 simul
431 2594 514 2651 malis
527 2592 606 2660 victi,
618 2591 667 2649 alii
680 2592 789 2666 suppli·

57 2696 105 2733 ces
119 2678 149 2734 in
161 2677 274 2749 templa
285 2671 474 2747 confugiunt;
494 2670 542 2728 alii
553 2668 664 2726 foribus
678 2667 787 2727 aedium

57 2754 195 2813 obseratis
208 2762 352 2827 occupant
364 2748 490 2807 liberum
504 2746 607 2806 mortis
617 2744 786 2810 arbitrium3
