1875 3267
336 245 340 251 “
470 262 535 317 aas

126 406 225 479 ipsum
237 406 371 465 tumultu
392 405 515 465 misceri
529 424 639 483 agmen
664 405 785 474 videre,
799 404 879 481 equis

125 482 258 544 maxime
273 482 476 552 consternatis,
490 484 632 561 quicquid
643 483 830 559 adjecissent
842 484 880 555 ip·

76 592 80 600 ι
125 561 151 619 si
169 560 301 630 terroris,
314 564 384 620 satis
403 563 440 621 ad
461 563 623 638 perniciem
637 561 702 620 fore
724 562 798 630 rati,
819 580 881 637 per-

124 640 221 699 uersis
233 640 455 719 rupibusjuxta
464 643 547 701 invia
558 662 591 703 ac
600 641 686 702 dev-ia
695 639 812 697 assueti
823 639 881 697 dis·

124 731 260 779 currunt.
301 722 383 779 Tum
398 720 467 778 verd
483 721 573 781 simul
586 722 621 777 ab
630 720 780 789 hostibus,
794 721 882 776 simul

89 849 92 856 .
124 799 162 855 sb
174 797 328 873 iniquitate
347 801 482 857 locorum
503 800 587 857 Poeni
605 800 881 872 oppugrrsbantur;

126 877 256 950 plusque
269 878 344 937 inter
362 877 455 951 ipsos,
476 876 548 952 (sibi
562 894 678 953 quoque
690 876 836 933 tendente
850 886 882 933 ut

126 954 260 1028 periculo
280 954 363 1031 priris
383 955 537 1031 evaderet)
551 954 645 1029 quim
658 972 730 1011 cum
747 952 880 1011 hostibus

127 1034 298 1091 certaminis
311 1044 383 1091 erat.
425 1035 503 1107 Equi
524 1030 659 1091 maxime
668 1030 816 1089 infestum
831 1052 882 1109 sg-

124 1127 199 1169 men
227 1110 379 1178 faciebant,
403 1111 454 1187 qui
477 1122 510 1169 et
533 1111 715 1169 clamoribus
741 1110 881 1179 dissonis,

127 1207 203 1264 qnos
217 1208 340 1249 nemora
352 1188 442 1249 etiam
457 1207 700 1265 repercussaeque
715 1190 809 1247 valles
827 1207 882 1245 eu·
927 1192 928 1257 ζ

129 1269 247 1341 gebant,
268 1266 363 1327 territi
384 1269 591 1343 trepidabant;
613 1277 642 1325 et
662 1266 713 1325 iuti
731 1266 811 1324 forte
831 1278 880 1325 aut

128 1347 274 1405 vulnerati
282 1345 358 1415 aded
372 1350 642 1413 consternabantur,
651 1355 684 1401 ut
692 1356 830 1421 stragem
839 1364 880 1403 rn-

128 1424 354 1500 gentem'simnl
367 1424 523 1485 hominum
538 1444 572 1485 ac
587 1424 770 1483 sarcinarum
783 1426 880 1483 omnis

128 1503 247 1577 generis
257 1503 387 1560 facerent
397 1525 405 1571 ς
414 1507 584 1578 multosque
593 1506 686 1569 turha,
695 1520 791 1575 quum
803 1521 880 1576 prae·

129 1580 235 1655 cipites
247 1585 437 1657 deruptaeque
452 1579 603 1657 utrimque
614 1580 756 1657 angustie
772 1592 889 1651 essent,¹

128 1658 161 1718 in
175 1658 355 1736 immensum
369 1660 529 1720 altitudinis
547 1661 675 1739 dejecit;
689 1662 840 1737 quosdam
852 1670 880 1717 et

130 1753 268 1798 armatos.
289 1739 361 1808 lude
375 1740 468 1799 ruinae
483 1740 627 1798 maximae
642 1742 731 1798 modo
744 1739 880 1817 jumenta

130 1836 204 1877 cum
212 1820 350 1877 oneribus
362 1820 594 1878 devolvebantur.
615 1816 691 1889 Quae
706 1817 880 1895 quanqudm

129 1894 208 1957 foeda
221 1899 388 1966 simeram,
402 1899 482 1957 stetit
495 1913 656 1971 parumper
670 1909 774 1959 tamen
788 1897 881 1955 Anni·

129 1977 176 2032 bal
188 1994 224 2035 ac
238 1994 310 2042 suos
320 1977 476 2042 continuit,
485 1996 524 2033 ne
535 1980 698 2037 tunmltum
707 1996 742 2038 uo
752 1977 882 2051 trepida·

130 2053 243 2116 tionem
257 2065 388 2128 augeret.
411 2052 524 2113 Deinde
534 2052 691 2128 postquem
701 2054 882 2130 interrumpi

131 2149 246 2206 agmen
265 2132 346 2199 vidit,
368 2132 599 2207 periculumque
613 2150 687 2202 esse,
701 2152 739 2191 ne
753 2144 880 2193 exutum

130 2210 355 2284 impedimentis
368 2210 540 2269 exercitum
552 2211 753 2285 nequicquam
768 2215 878 2273 incolu-

131 2306 214 2355 mem
227 2290 418 2358 traduxisset,
432 2290 565 2347 decurrit
578 2306 615 2345 ex
625 2291 778 2363 superiore
793 2293 878 2361 loco;

131 2376 163 2424 et
178 2365 272 2441 qudm
295 2368 409 2440 impetu
428 2368 494 2443 ipso
519 2367 643 2445 fudisset
669 2370 799 2437 hostem,
819 2371 880 2427 suis

132 2460 252 2524 qnoque
261 2449 425 2505 tumultum
433 2447 527 2505 auxit.
542 2447 601 2504 Sed
614 2445 802 2507 istumultus
816 2465 879 2517 mo·

132 2535 234 2581 mento
252 2524 409 2599 temporis,
424 2526 728 2601 postqudm‘liberata
754 2526 881 2585 intinere

134 2603 208 2678 sug&
222 2615 428 2664 montanorum
442 2616 533 2673 erant,
548 2606 685 2663 sedatur:
697 2622 753 2662 nee
762 2622 819 2681 per
826 2606 881 2663 oti·

132 2699 187 2739 um
200 2681 298 2750 modd,
311 2685 363 2739 sed
376 2681 470 2757 prope
484 2682 604 2748 ¹silentio
623 2702 695 2740 mox
705 2702 814 2741 omnes
822 2686 879 2741 tra·

132 2760 222 2817 ducti.
242 2761 408 2822 Castellum
419 2758 496 2831 inde,
508 2762 589 2837 qued
600 2770 690 2839 ceput
701 2762 770 2841 eius
783 2764 878 2843 regio·
929 2776 930 2791 ¹
