1875 3267
376 251 378 258 ’
406 291 464 348 145

60 439 112 496 cui
131 435 266 496 dominus
284 436 467 510 possessione
487 437 576 494 cedat.
614 434 734 497 Placere
746 435 800 498 ita·

59 535 122 590 que
141 529 254 592 patrem
275 516 391 578 arcessi.
434 514 549 572 interest
559 515 634 591 juris
647 518 692 574 sui
703 518 799 595 jactu·

59 611 127 650 ram
142 605 316 652 assertorem
330 607 394 650 'non
408 595 513 664 facere,
523 593 596 666 quin
615 594 701 652 ducat
719 598 801 670 puel·

59 673 134 741 lam,
146 674 360 748 sistendamque
374 673 403 728 in
413 674 569 729 adventum
578 671 653 745 ejus,
660 673 709 746 qui
716 684 801 748 pater

60 749 187 818 dicatur,
212 751 369 826 promittat.
423 748 575 808 Adversus
596 748 731 826 injuriam
752 753 802 809 de·

60 830 137 886 creti
150 829 244 904 quum
252 827 339 887 multi
351 827 445 904 magis
452 826 620 891 fremerent,
628 825 716 901 quiin
725 828 804 902 quis·

62 925 157 980 quam
171 925 247 964 unus
260 925 393 964 recusare
406 908 541 973 auderet;
563 907 596 964 Ρ.
610 905 806 977 Numitorius,

63 987 176 1056 puellae
198 985 371 1054 avunculus,
392 993 422 1040 et
442 999 568 1054 sponsus
589 982 700 1049 Icilius,
720 984 807 1042 inter·

65 1062 213 1128 veniunt3
238 1063 362 1134 datique
382 1063 458 1118 inter
486 1063 601 1117 turbam
630 1061 685 1130 via,
713 1059 807 1136 qudm

67 1138 231 1197 multitudo
264 1139 337 1196 Icilii
368 1137 496 1196 maxime
527 1139 689 1195 interventu
714 1139 809 1196 resisti

67 1231 157 1287 posse
170 1217 268 1292 Appio
278 1218 420 1286 crederet,
427 1217 512 1273 lictor
524 1222 652 1272 decresse
660 1216 717 1273 ait:
732 1218 809 1275 voci-

68 1293 273 1370 ferantemque
287 1294 404 1352 Icilium
427 1306 602 1351 summovet.
656 1294 810 1354 Placidum

69 1389 190 1448 quoque
204 1373 429 1449 ingenium-tam
443 1385 525 1428 atrox
540 1372 645 1448 injuria
664 1375 812 1432 accendis·

68 1460 117 1507 set
153 1451 242 1510 Ferro
263 1452 329 1508 hinc
345 1451 397 1507 tibi
417 1452 644 1508 summovendus
658 1469 734 1520 sum,
748 1455 811 1524 Ap·

70 1529 113 1600 pi,
126 1531 228 1603 inquit,
248 1539 279 1586 ut
302 1528 530 1602 tacitumleras,
555 1530 634 1601 quod
656 1530 743 1586 celari
756 1530 811 1588 ris.
872 1524 876 1532 ⁸

72 1607 236 1680 Virginem
256 1625 314 1682 ego
337 1608 411 1662 hanc
431 1625 498 1662 sum
517 1607 667 1673 ducturus,
678 1617 814 1680 nuptam,

73 1686 273 1758 pudicamque
298 1684 455 1739 habiturus.
476 1682 598 1739 Proinde
611 1701 713 1739 omnes
727 1684 813 1740 colle·

76 1781 185 1838 garum
199 1781 312 1835 quoque
332 1761 448 1817 lictores
465 1776 599 1822 convoca,
613 1760 744 1834 expediri
757 1761 815 1817 vir-

76 1852 173 1916 gasat
187 1857 307 1896 secures
322 1839 412 1914 jube:
435 1855 492 1893 non
515 1836 643 1893 manebit
660 1837 743 1895 extra
766 1840 817 1895 do·

76 1937 164 1977 mum
174 1916 264 1990 patris
284 1933 389 1991 sponsa
409 1915 491 1972 iciiii.
510 1915 589 1993 Non,
599 1916 622 1970 si
631 1915 816 1973 tribunitium

78 1997 224 2056 auxilium
253 2007 282 2052 et
303 1994 538 2066 provocationem
567 1994 643 2066 plebi
670 1995 816 2065 Romane,

78 2079 152 2134 duas
164 2093 245 2132 arces
260 2072 398 2131 libertatis
410 2073 535 2140 tuendae,
547 2071 703 2140 ademistis,
714 2070 778 2130 idei>
787 2076 818 2132 in

78 2156 314 2223 liberosbuoque
334 2160 456 2220 nostros,
469 2149 669 2226 conjugesque
690 2167 818 2227 regnum

79 2243 185 2293 vestrae
201 2231 309 2288 libidini
327 2230 427 2286 datum
441 2239 494 2286 est.
544 2227 644 2284 Sevite
656 2227 686 2285 in
698 2239 819 2306 tergum

78 2325 110 2371 et
123 2309 152 2366 in
166 2307 295 2364 cervices
307 2319 426 2368 nostras,
439 2305 577 2378 pudicitia
590 2309 692 2362 saltem
712 2308 742 2364 in
756 2317 820 2367 tuto

83 2392 130 2449 sit.
172 2387 251 2443 Huic
274 2385 297 2440 si
320 2384 364 2442 tis
389 2387 536 2449 afferetur,
551 2403 609 2459 ego
630 2387 821 2458 praesentium

84 2464 252 2539 Quiritium
265 2481 318 2534 pro
332 2466 446 2536 sponsi,
461 2462 614 2537 Virginius
623 2459 750 2520 militurn
768 2481 822 2538 pro

84 2545 176 2604 unici
189 2541 260 2609 filit,
273 2557 374 2597 omnes
388 2539 530 2607 Deorum,
543 2541 754 2615 hominumque
767 2543 823 2597 im-

27 2683 28 2688 ,
85 2617 266 2697 plorabimus
291 2617 399 2685 iidem;
420 2636 515 2692 neque
537 2629 570 2675 tu
592 2619 668 2676 istud
692 2617 824 2691 unquim

28 2759 30 2766 ,
86 2705 242 2758 decretum
256 2694 317 2753 sine
336 2695 415 2754 caede
427 2701 527 2752 nostra
540 2695 657 2752 referes.
699 2694 826 2761 Postulo,

28 2767 30 2782 '
89 2775 179 2852 Appi,
194 2773 282 2833 etiam
296 2784 381 2849 utque
394 2773 485 2831 etism
497 2773 671 2843 consideres,
683 2771 827 2844 qub'pro·

903 797 917 889 ‘t
