1875 3267
448 232 514 298 25⁸

121 385 195 434 sent.
216 375 257 432 At
270 384 350 448 purte
362 375 395 434 in
414 377 472 436 alia
485 371 652 452 quingeniis
664 383 696 432 et
715 387 774 448 per
791 383 870 451 stag·

123 471 196 511 nurn
208 452 300 510 facilis
313 454 460 520 transitus,
483 465 514 512 et
535 453 565 510 in
587 472 709 510 murum
725 469 869 509 ascensus

119 529 187 590 indie
201 529 262 588 fuit.
284 534 363 590 Nam
376 533 469 606 neque
486 549 574 605 opere
587 532 740 589 emunitus
752 543 825 597 erat,
836 542 870 588 ut

121 609 171 686 ubi
185 609 276 680 ipsius
288 609 345 668 loci
364 629 396 668 ac
419 608 515 685 stagni
535 609 674 682 praesidio
687 608 760 666 satis
773 610 870 666 credi-

119 697 185 744 tum
200 686 287 754 foret3
298 706 352 745 nec
365 691 422 746 ulla
434 697 616 746 onustorum
630 688 726 754 statio,
737 699 790 744 aut
803 706 870 744 cus·

117 766 199 822 todia
210 766 359 840 apposita;
380 763 500 823 intentis
518 765 653 823 omnibus
667 767 702 822 ad
725 783 818 838 opem
831 765 870 824 oo

119 841 279 910 ferendam,
292 843 368 902 unde
382 843 550 916 perieulum
563 844 778 900 ostendebatur.
809 843 871 900 Ubi

105 922 222 978 =urbem
236 919 298 978 sind
310 921 470 978 certamine
485 922 642 986 intravere,
655 933 787 996 pergunt
800 921 871 979 inde

118 1009 226 1072 quanto
240 999 369 1056 maximo
388 1017 483 1076 cursu
495 1010 637 1071 poterant,
657 1001 693 1056 ad
717 1018 785 1056 eam
800 1014 871 1074 por·

118 1087 190 1142 tarn,
204 1075 284 1132 circs
298 1095 385 1151 quam
407 1093 495 1135 omne
516 1087 697 1138 contractum
715 1089 870 1135 certamen

120 1167 190 1212 orat.
213 1155 247 1211 In
261 1158 338 1229 quod
352 1155 422 1212 aded
436 1154 538 1211 intenti
553 1157 689 1212 omniurn
703 1173 761 1211 non
776 1157 871 1212 animi

120 1235 216 1290 solum
229 1234 322 1298 inire,
336 1236 386 1290 sed
407 1233 496 1290 etiam
522 1232 599 1289 oculi
618 1251 762 1304 auresuue
791 1252 871 1308 pug-

118 1311 250 1366 nantium
261 1312 523 1384 spectantiumque,
532 1321 561 1366 et
568 1311 782 1390 adhortantium
793 1331 872 1388 pug-

924 971 929 1116 i

117 1399 240 1452 nantes;
263 1400 295 1444 ut
317 1405 405 1445 nenio
424 1387 491 1444 anti
504 1391 539 1444 ab
555 1399 640 1462 tergo
660 1391 787 1445 senserit
800 1409 871 1463 cap·
927 1415 929 1444 ;

115 1476 176 1522 tam
191 1468 303 1530 urbem,
323 1485 411 1541 quam
426 1470 485 1523 tela
496 1468 526 1523 in
553 1486 669 1524 aversos
690 1465 871 1538 inciderunt,

118 1553 148 1604 et
162 1543 310 1620 utrimque
324 1545 484 1619 ancipitem
499 1547 780 1602 hostem'habei2ant.

325 1702 461 1785 Coptore
476 1698 516 1783 of
523 1701 572 1761 the
585 1702 662 1782 city.

157 1870 244 1925 Tunc
259 1865 379 1922 turbatis
393 1861 593 1920 defensoribus
606 1873 696 1928 metu,
716 1873 747 1919 et
758 1865 872 1922 monia

117 1958 210 2017 capta,
225 1956 253 2000 et
266 1954 349 2017 porta
362 1943 440 1999 intus
464 1941 594 2015 forisque
615 1943 722 2015 pariter
742 1942 869 2018 refringi
925 1922 926 2011 J

117 2033 231 2096 ooepta:
254 2031 283 2078 et
302 2040 372 2078 mox
396 2021 536 2077 caedendo
560 2020 726 2086 confractis,
751 2038 789 2077 ne
811 2022 871 2078 iter
925 2044 927 2109 ᾗ

118 2099 319 2172 impediretur.
342 2097 463 2166 foribuS,
483 2098 589 2154 armati
614 2096 762 2170 impeturn
790 2097 870 2156 fece·

115 2187 193 2234 runt.
225 2178 333 2252 Magna
347 2175 501 2233 multitudo
514 2190 544 2232 et
557 2193 658 2232 muros
676 2180 872 2235 transcende·

113 2259 174 2321 oar,
193 2256 244 2311 sed
265 2255 295 2310 hi
317 2252 427 2328 passim
450 2257 486 2311 ad
505 2257 619 2311 caedorn
646 2255 869 2327 oppidanorum
924 2264 925 2285 ³

117 2334 205 2391 versi.
240 2335 301 2395 illa,
314 2351 379 2402 quae
401 2345 516 2406 porram
537 2333 669 2406 ingressa
694 2345 766 2397 erat,
785 2333 870 2408 justa

114 2414 204 2475 auios,
219 2411 429 2476 conducibus,
442 2429 512 2465 cuin
526 2408 686 2476 ordinibus
700 2412 802 2467 media
818 2431 848 2466 ur
857 2445 869 2456 -

923 2398 925 2497 i

116 2494 152 2547 be
174 2490 203 2545 in
225 2489 320 2566 forum
343 2488 494 2560 processit.
547 2485 627 2554 indu,
641 2505 735 2560 quum
750 2489 867 2546 duobus
923 2514 925 2550 r

102 2567 264 2648 itineribus
278 2564 422 2636 fugientes
436 2566 547 2622 videret
572 2567 670 2621 hostes
682 2565 755 2621 aiios
770 2569 807 2622 ad
821 2580 868 2622 tu-

116 2648 246 2704 multuin
267 2643 295 2695 in
322 2641 464 2695 orieniem
487 2659 615 2709 versum,
638 2643 687 2716 qui
710 2647 867 2701 tenebatur

113 2721 345 2796 quingentorum
369 2717 499 2774 militum
520 2719 661 2792 prasidio,
674 2721 747 2778 alios
768 2724 800 2779 in
822 2740 867 2778 ar·
