1875 3267
415 252 532 305 63·

57 448 62 457 ,
103 392 216 470 Magna
229 394 274 453 vis
294 411 434 451 saxorum
447 393 484 450 ad
499 404 618 453 manum
629 405 703 464 erat,
717 396 801 469 Tyro

63 482 162 529 vetere
177 475 346 544 praebente;
365 470 502 529 materies
515 490 554 527 ex
570 472 678 531 Libano
697 484 799 531 monte

62 549 174 607 ratibus
184 562 213 606 et
226 542 353 609 turriBus
366 548 504 605 faciendis
516 550 677 609 vehebatur.
717 552 797 609 Jam-

63 646 120 701 que
131 627 148 683 εἰ
160 626 249 685 fundo
262 628 350 688 maris
367 624 396 683 iri
410 625 595 686 altitudinem
603 628 708 689 montis
720 648 796 704 opus

60 716 242 774 excreverat,
261 702 391 765 nondum
414 713 514 761 tamen
536 723 621 778 aquae
648 706 796 781 fastigium

62 785 246 857 aequabatur:
269 792 306 851 et,
320 781 379 857 qui>
391 780 508 857 longiils
521 785 615 841 moles
628 786 766 859 agebatur
778 785 796 843 at

60 862 170 930 littore,
183 863 238 918 hoc
249 859 345 937 magis
365 858 504 935 quidquid
524 860 710 935 ingerebatur
722 872 797 936 prae·

60 940 154 997 altum
165 940 334 1017 ¹absorbebat
345 954 425 995 mare
433 956 526 1011 quum
535 938 630 1012 Tyrii,
639 938 738 1011 parvis
746 956 797 997 na·

61 1017 149 1093 vigiis
161 1017 293 1085 admotis,
302 1033 357 1088 per
366 1014 522 1073 ludibrium
533 1017 754 1089 exprobrabant,
763 1019 797 1075 il·

61 1096 117 1163 los,
131 1095 219 1150 armis
233 1093 365 1167 inclytos,
379 1093 465 1149 dorso
478 1091 554 1151 sicut
564 1094 699 1169 jumenta
711 1114 799 1155 onera

62 1183 193 1247 gestare;
207 1170 606 1246 interrogabantetiam,num
614 1174 798 1249 majorNep·

60 1262 136 1309 tuno
145 1260 222 1306 esset
232 1250 407 1308 Alexander.
430 1247 575 1325 Haecipsa
583 1248 732 1308 insectatio
741 1255 799 1310 ala-

61 1327 198 1385 critatem
210 1326 337 1385 militum
349 1325 490 1384 accendit.
509 1328 633 1401 Jamque
643 1328 796 1402 paulutum

60 1408 156 1463 moles
169 1424 275 1479 aquam
288 1404 439 1475 eminebat,
459 1414 491 1461 et
503 1403 591 1464 simul
602 1405 722 1483 aggeris
734 1405 798 1465 lati·

59 1484 132 1541 tudo
148 1484 296 1543 crescebat
315 1482 435 1557 urbique
457 1484 679 1553 admovebatur;
698 1504 796 1560 quum

63 1561 151 1635 Tyrii
164 1560 361 1637 magnitudine
373 1562 469 1627 molis,
482 1562 568 1640 cujus
580 1560 795 1621 incrementum

60 1656 114 1696 eos
123 1636 189 1697 anti
207 1638 354 1707 fefellerat,
366 1638 532 1713 conspecta,
544 1640 656 1697 levibus
671 1641 801 1716 navigiis,

60 1712 627 1789 nondtmcommissumopuscircumire
636 1728 797 1791 creperum,

60 1792 220 1853 missilibus
234 1814 284 1852 eos
293 1812 407 1869 quoque
419 1794 469 1867 qui
478 1811 529 1870 pro
537 1809 624 1865 opere
635 1798 747 1852 stabant
754 1795 797 1851 in-

61 1892 177 1943 cesseue
189 1868 313 1929 :multis
322 1870 395 1948 er'gb
403 1868 524 1945 impune
532 1872 696 1940 vulneratis,
705 1891 797 1946 quum

61 1961 91 2008 et
103 1968 258 2010 removere
272 1960 302 2007 et
315 1950 461 2025 appellere
482 1952 605 2023 scaphas
618 1950 648 2006 in
661 1951 797 2025 expedito

61 2038 147 2097 esset,
167 2030 203 2085 ad
222 2046 323 2085 curam
344 2026 515 2101 semetipsos
534 2028 633 2085 tuendi
654 2032 688 2087 ab
708 2047 796 2102 opere

60 2116 272 2165 converterant.
311 2104 406 2181 igitur
424 2124 477 2163 rex
498 2105 693 2165 munientibus
716 2107 796 2165 coria

59 2186 182 2257 velaque
199 2182 288 2260 jussit
312 2183 437 2250 obtendi,
463 2195 497 2242 ut
518 2194 601 2242 extra
624 2184 675 2242 teli
700 2185 794 2244 ictum

60 2276 177 2330 essent;
197 2262 327 2333 duasque
341 2272 437 2318 turres
446 2282 484 2321 ex
495 2262 588 2336 capite
596 2264 682 2320 molis
691 2263 796 2331 erexit,

59 2340 193 2414 equibus
206 2340 237 2396 in
250 2340 404 2395 subeuntes
416 2342 540 2413 scaphas
552 2342 609 2397 tela
620 2340 715 2415 ingeri
729 2360 795 2415 pos-

59 2427 133 2475 sent.
159 2419 277 2484 Contra,
287 2415 371 2491 Tyrii
379 2417 494 2493 navigia
502 2416 794 2491 proculaiconspectu

60 2494 192 2552 hostium
210 2495 299 2551 littori
311 2496 469 2569 appellunt,
482 2493 681 2571 expositisque
695 2494 799 2554 militi--

59 2575 122 2641 bus,
143 2573 257 2647 eosqui
272 2591 342 2630 saxa
363 2576 520 2646 gestabant,
539 2574 720 2631 obtruncant.
759 2576 795 2629 ln

59 2651 172 2709 Libano
181 2644 296 2726 quoque
304 2652 435 2711 Arabum
448 2663 579 2727 agrestes
587 2650 795 2725 incompositos
