1875 3267
350 213 391 288 Q
454 239 516 292 ιιι

100 379 194 440 nibus
214 375 398 456 sequebatur.
438 384 550 447 Aruns,
569 380 619 439 ubi
638 403 677 442 ex
697 382 851 443 lictoribus

97 461 210 532 procul
222 461 371 518 consulem
382 478 469 518 esse:
491 459 614 518 deinde
606 480 666 536 jam
679 462 803 554 propiis
816 482 851 522 ac

98 537 219 596 certius
231 536 304 596 facie
317 557 434 614 quoque
443 523 571 597 Brutum
580 541 722 614 coguovit,
734 540 851 599 inflam-

96 627 204 674 matus
217 617 280 674 iri
302 619 355 675 Ille
368 628 413 676 est
425 618 479 686 vir,
492 615 600 692 inquit,
621 617 672 691 qui
683 636 737 677 uos
750 630 850 677 extor-

85 713 153 752 ·res
169 694 284 770 expulit
296 695 402 768 patriti.
442 697 521 768 Ipse,
535 713 573 752 en
585 695 634 751 ille
646 698 752 754 nostris
762 699 850 755 deco·

97 783 188 830 ratus
201 773 374 850 insignibus,
394 771 554 850 magnifice
576 772 694 831 incedit
734 774 786 832 Dii
805 793 852 834 re·

98 869 183 930 gum
191 854 412 911 ultoresadeste.
422 853 556 911 eoncitat
563 851 726 911 calcarihus
729 871 852 931 equum,

102 940 198 1004 atque
208 930 238 988 in
252 949 352 1006 ipsum
360 931 483 990 infestus
494 932 648 989 consulem
657 925 768 1006 dirigit
781 929 853 988 Sen-

106 1005 193 1065 sitin
206 1007 288 1067 seiri
302 1011 421 1068 Brutus.
463 1012 613 1068 Decorum
627 1019 691 1067 erat
701 1021 767 1067 tum
779 1008 853 1084 ipsis

102 1101 265 1158 capessere
284 1105 417 1164 pugnam
434 1088 579 1149 ducibus·
600 1088 683 1146 avide
702 1086 802 1178 itaque
820 1106 854 1146 se

103 1165 265 1224 certamini
276 1165 370 1225 offert.
391 1166 536 1242 Adeuque
547 1164 660 1224 infestis
673 1165 778 1224 animis
786 1182 854 1223 eou-

104 1253 275 1310 cusrerunt‚
288 1257 399 1312 neuter,
413 1243 486 1302 dum
500 1248 618 1303 hostem
625 1247 798 1314 vulneraret,
808 1243 854 1301 sui

74 1365 84 1374 ,
102 1321 281 1397 protegendi
301 1321 434 1398 corporis
453 1342 579 1392 memor,
592 1333 625 1380 ut
638 1324 783 1380 contrario
791 1324 854 1382 ictu

99 1413 158 1472 ¹per
166 1417 296 1474 parmam
304 1409 427 1476 uterque
435 1401 603 1470 transfixus,
610 1402 724 1460 duabus
736 1403 853 1461 haeren·

102 1487 151 1534 tes
164 1479 254 1536 hastis
266 1477 433 1540 mosibundi
441 1496 479 1539 ex
490 1479 574 1556 equis
585 1481 660 1555 lapsi
672 1480 742 1540 sint:
753 1480 852 1538 Simul

102 1567 136 1616 et
155 1567 262 1616 caetera
282 1559 426 1631 equestris
445 1577 547 1634 pugna
567 1559 662 1632 cepit,
690 1577 787 1633 neque
806 1557 851 1616 iti

104 1635 202 1696 multu
203 1644 280 1734 post
300 1647 330 1694 et
348 1635 462 1709 pedites
481 1639 698 1710 superveniunt
711 1638 755 1697 lbi
768 1635 852 1696 sarit

107 1715 240 1783 victorie,
254 1725 283 1778 et
296 1717 375 1774 velut
388 1734 475 1792 aequo
496 1715 593 1774 Marte
616 1725 789 1792 pugnatum
795 1725 848 1772 est.

109 1793 242 1852 Dextera
255 1795 393 1870 utrinque
413 1793 851 1868 cotuuavicere31aevasupe·

110 1871 617 1933 rata.Veientes'v1nc1ab1t0mano
629 1869 723 1930 milite
731 1873 851 1943 assueti,

110 1949 169 2008 fusi
178 1948 331 2028 fugatique
346 1961 422 2009 sunt.
443 1950 664 2027 Tasuuiuiensis
676 1969 770 2008 novus
784 1953 851 2008 hos·

111 2028 150 2085 tis
168 2047 226 2087 uon
249 2030 327 2090 stetit
346 2027 452 2102 sulum,
473 2033 529 2092 and
548 2030 637 2089 etiam
649 2033 685 2089 ub
697 2029 753 2088 sua
766 2041 849 2105 passe

112 2105 277 2167 Romanum
289 2109 409 2185 pepulit

151 2185 464 2263 Ita'quumpugnatum
473 2197 663 2258 esset‚tantus
671 2198 765 2246 terror
775 2187 850 2245 Tar·

112 2265 245 2340 quinium
257 2279 343 2343 atque
353 2269 494 2327 Etruscos
505 2269 634 2336 incessit,
643 2278 676 2323 ut
688 2267 798 2325 omissu
810 2265 849 2322 ir·

113 2345 167 2402 riti
175 2364 215 2418 re,
223 2357 307 2404 nocte
321 2348 406 2404 ambo
418 2348 577 2414 exercitus,
590 2347 711 2414 Veiens,
722 2343 849 2420 Tarqui·

114 2421 279 2504 niensisque
298 2437 366 2492 suus
382 2425 509 2504 quisque
522 2424 634 2486 abirent
646 2426 757 2484 dumos.
