1875 3267
335 278 338 292 ¹
425 255 487 322 119

78 409 210 470 sulcando
222 407 379 467 absumunt
393 426 402 464 ε
423 405 616 482 evincuntque
627 404 772 477 instando,
786 415 819 467 ut

74 489 184 548 ‘litterae
205 486 259 546 sibi
272 487 308 544 ad
322 485 502 562 Tarquinios
512 488 663 545 darentur:
682 504 753 544 nem
766 484 818 543 ali·

50 603 61 622 .
75 575 125 625 ter
141 566 192 642 qui
206 564 366 624 crediturus
379 584 439 634 eos,
452 581 513 622 non
523 581 596 621 vana
607 563 758 642 ablegatis
770 582 820 622 su·

75 663 133 719 per
159 646 248 702 rebus
275 643 363 700 tantis
388 638 507 702 afferri?
539 643 625 700 Datae
648 639 766 711 litterae,
785 653 821 700 ut

76 723 187 800 pignus
199 720 269 778 fidei
290 731 399 792 essent,
411 717 603 781 manifestum
616 718 726 778 facinus
742 720 821 780 sece-

78 811 170 868 runt;
191 817 266 858 narn
274 797 378 873 quum,
390 797 485 876 pridie
498 797 590 874 quiun
600 798 690 874 legati
697 801 733 857 ad
744 801 820 856 Tur·

79 877 199 952 quinios
230 875 495 952 proficiscerentur,
513 889 544 954 et
570 887 722 934 coenatum
746 874 820 933 forte

81 957 163 1030 apud
174 953 313 1012 Vitellios
325 964 412 1024 esset,
422 954 625 1034 coniuratique
639 953 689 1024 ibi,
699 954 822 1014 remotis

82 1032 211 1101 arbitris,
222 1033 316 1093 multa
328 1032 402 1090 inter
415 1051 457 1102 se,
468 1035 506 1092 de
518 1031 692 1100 norunt-fit,
702 1032 822 1091 consilio

84 1110 238 1188 egissent;
269 1127 437 1172 sermonem
455 1128 559 1170 eorum
579 1129 617 1168 ex
636 1110 727 1168 servis
747 1127 824 1168 unus

84 1189 213 1264 excepit,
226 1187 278 1264 qui
295 1187 358 1266 jum
377 1187 462 1246 antei
481 1185 514 1246 id
535 1197 664 1247 senserat
685 1188 751 1264 agi:
773 1190 825 1249 sed

82 1285 152 1326 eam
171 1265 365 1341 occasionem,
380 1275 412 1324 ut
431 1266 537 1326 litterae
556 1267 659 1344 legatis
678 1266 826 1336 darentur,

83 1363 153 1420 quae
167 1345 358 1420 deprehensae
381 1361 445 1402 rem
457 1361 618 1421 coarguere
629 1342 759 1420 possent,
771 1361 824 1402 ex·

81 1425 237 1498 spectabat.
287 1421 451 1500 Postqudm
478 1424 562 1489 ‚dates
582 1423 682 1495 sensit,
701 1441 768 1482 reru
786 1423 824 1482 ad

82 1503 221 1577 consules
233 1500 344 1560 detulit.

124 1581 269 1638 Consules
287 1581 324 1637 ad
342 1579 600 1656 deprehendendos
620 1583 743 1658 legatos.
755 1598 824 1640 con·
842 1623 846 1628 -

77 1654 256 1736 juratusque
274 1655 399 1729 profecti
418 1659 516 1724 domo,
528 1658 593 1716 sine
611 1662 740 1718 tumultu
757 1678 826 1718 rem

84 1753 207 1810 omnem
220 1739 412 1809 oppressere:
432 1733 598 1794 litterarum
617 1735 646 1793 in
659 1737 764 1811 primis
775 1739 825 1797 ha-

84 1813 146 1870 bita
160 1829 240 1880 cura,
253 1831 291 1869 ne
304 1809 521 1871 interciderent.
559 1812 759 1873 Proditoribus
776 1835 827 1876 ex·

84 1891 199 1966 templo
210 1888 241 1946 in
254 1889 369 1952 vincula
388 1889 538 1968 conjectis,
550 1894 588 1950 de
608 1889 714 1969 legatis
725 1895 825 1967 paulu·

85 1966 152 2027 him
171 1967 367 2027 addubitatum
381 1978 443 2027 este
464 1979 495 2027 et
507 1969 678 2046 quanqudm
690 1970 827 2032 visisunt

85 2044 284 2120 commisisse,
293 2057 326 2105 ut
338 2049 469 2108 hostium
477 2050 543 2108 loco
551 2059 659 2122 essent,
668 2049 719 2128 jus
726 2060 825 2113 tamen

86 2123 222 2204 gentium
234 2126 332 2185 valuit.

126 2203 175 2260 De
187 2202 270 2260 bonis
282 2202 382 2281 regiis,
394 2222 460 2280 quae
471 2207 553 2265 reddi
566 2207 631 2266 ante
644 2220 828 2282 censuerant,

88 2299 139 2340 res
150 2281 266 2356 integra
274 2283 399 2357 refertur
411 2283 447 2342 ad
455 2285 566 2344 Patres.
580 2287 627 2343 Illi
640 2287 708 2344 victi
721 2288 765 2345 iria
777 2307 827 2346 ve-

88 2361 175 2418 tuere
188 2359 277 2431 reddi,
292 2364 413 2420 vetuere
425 2363 456 2420 in
470 2363 623 2438 publicum
636 2363 740 2444 redigi.
772 2367 827 2424 Di·

88 2435 222 2512 ripicnda
239 2439 316 2512 plebi
341 2450 408 2498 sunt
427 2442 513 2510 data3
533 2452 566 2499 ut
587 2451 717 2500 contacta
734 2443 827 2520 regiae

89 2515 197 2592 praedi
216 2533 300 2589 spem
319 2517 545 2592 inperpetuum
570 2539 640 2578 cum
667 2518 713 2579 his
746 2521 829 2595 pacis

92 2591 250 2654 amitteret.
301 2598 385 2674 Ager
411 2598 649 2672 Tarquiniorum,
676 2596 728 2671 qui
753 2597 830 2652 inter

92 2674 200 2732 urbem
225 2689 259 2730 ac
289 2673 421 2732 Tiberim
447 2675 503 2734 fuit
522 2686 707 2734 oonsecratus
726 2673 832 2738 Marti,

93 2749 225 2812 Martius
244 2749 347 2812 deinde
365 2769 489 2826 campus
508 2752 574 2814 fuit.
612 2746 831 2812 roncinum
