1875 3267
462 243 522 295 128

118 387 315 455 retrusissent,
326 385 391 444 ante
398 387 524 442 tribunal
533 381 612 458 regis
621 382 809 450 destitutus,
822 392 884 440 tun

119 487 232 549 quoque
247 467 321 522 inter
334 477 426 523 tantas
437 465 562 521 fortunae
575 462 684 527 minas,
693 465 883 520 metuendus

118 549 215 621 magis
230 542 319 619 quim
332 555 486 601 metuens:
507 544 663 598 Romanus
676 559 766 606 sum,
777 541 882 615 inquit,

118 625 193 684 civis
209 647 217 679 ι
240 625 274 682 C.
291 621 428 680 Mucium
440 632 553 678 vocant
575 619 680 676 Hostis
691 623 823 676 hostem
837 640 882 677 or·

119 703 216 762 cidere
226 703 314 760 volui.
335 705 399 758 Nec
413 702 448 757 ad
462 710 591 758 mortem
604 696 710 754 minus
725 699 830 757 animi
843 718 880 756 est

119 780 209 857 quim
224 782 278 840 fuit
291 784 326 840 ad
347 781 470 836 coedem.
493 777 532 834 Et
545 778 642 834 facere
655 788 687 832 et
701 778 770 850 pati
787 777 878 838 sortia,
909 768 911 861 i

121 863 290 919 Romanum
303 870 357 916 est.
377 861 442 917 Nec
465 873 543 914 unus
564 857 594 914 in
616 867 645 911 te
663 875 726 930 ego
748 859 810 914 hos
823 861 876 914 ani-

118 960 185 1000 mos
199 940 294 1015 ¹qessi:
317 942 421 1015 longus
440 948 506 1011 post
520 937 655 1010 meordo
669 946 718 990 est
732 935 821 992 idem
831 956 875 1011 pe-

119 1021 247 1078 tentium
266 1021 364 1086 decus,
383 1014 504 1091 proinde
525 1014 556 1071 in
579 1017 635 1072 hoc
657 1013 842 1081 discrimen,
854 1018 873 1072 si

120 1100 211 1176 juvat,
225 1099 390 1172 accingere,
405 1105 438 1151 ut
458 1094 488 1150 in
510 1095 641 1169 singulas
665 1094 761 1149 horas
782 1096 871 1170 capite

122 1177 245 1235 dimices
258 1188 325 1233 tuo:
348 1175 461 1232 serrum
486 1175 662 1244 hostemque
683 1171 715 1227 in
730 1172 871 1231 vestibulo

123 1258 228 1314 habeas
243 1255 343 1329 regiae.
383 1255 450 1310 Hoc
460 1251 515 1308 tibi
526 1252 664 1330 juventus
681 1249 869 1311 Romanuin-

122 1336 250 1390 dicimus
264 1335 384 1389 bellum.
406 1333 528 1388 Nullam
544 1329 649 1398 aciem,
662 1332 784 1387 nullum
797 1349 869 1406 prae·

121 1412 195 1471 lium
216 1410 357 1466 timueris.
398 1410 459 1466 Uni
473 1407 535 1477 tibi,
546 1419 576 1466 et
588 1426 658 1465 cum
672 1408 815 1484 siugulis,
827 1430 868 1468 res
908 1424 910 1469 t

123 1489 187 1546 erit.
209 1486 312 1559 Qudm
333 1507 395 1556 rex,
415 1487 506 1546 simul
525 1488 569 1545 irs
590 1485 735 1552 infensus,
756 1489 868 1560 pericu·

122 1569 209 1642 loque
219 1565 403 1636 conterritus,
412 1565 589 1624 circumdari
598 1566 683 1641 ignes
692 1566 866 1627 minitabun-

122 1649 180 1706 dus
191 1649 314 1726 juberet,
327 1646 384 1705 nisi
398 1658 589 1720 expromeret
602 1645 728 1720 propere
742 1666 817 1722 quas
827 1647 865 1704 in-

125 1726 262 1786 sidiarum
278 1727 332 1783 sibi
346 1725 441 1781 minas
454 1741 508 1800 per
516 1728 655 1801 ambages
667 1726 799 1802 jaceret:
822 1731 863 1786 En

123 1807 185 1875 tibi,
196 1807 299 1881 inquit,
309 1816 340 1863 ut
349 1803 455 1862 sentias
481 1807 571 1876 quern
589 1804 646 1860 vile
659 1823 767 1878 corpus
780 1808 819 1864 sit
829 1807 862 1864 iis

124 1886 175 1961 qui
192 1904 331 1960 magnam
345 1883 469 1958 gloriam
482 1881 595 1939 vident:
617 1884 864 1960 dextramqueac·

123 1984 214 2021 censo
221 1965 255 2020 ad
262 1962 439 2020 sacrificium
450 1961 549 2019 foculo
558 1959 665 2037 injicit:
675 1982 762 2037 quam
773 1963 862 2040 quum

123 2045 205 2098 velut
218 2041 341 2097 alienato
354 2045 388 2098 ab
402 2059 491 2096 sensu
500 2049 624 2096 torreret
637 2043 736 2098 animo
747 2063 755 2109 ;
774 2050 860 2121 prope

123 2118 262 2176 attonitus
271 2119 413 2177 miraculo
423 2115 599 2192 Ren,qudm
612 2121 647 2174 ab
656 2123 725 2178 sede
739 2127 790 2179 snt
799 2142 859 2198 pro

124 2197 261 2264 siluisset,
268 2198 455 2266 amoverique
468 2200 503 2254 ab
512 2195 650 2254 altaribus
660 2199 858 2282 jurenemjus·

125 2277 228 2334 sisset:
251 2278 277 2332 Τ
279 2295 299 2334 ιι
312 2276 381 2333 verd
394 2277 449 2343 ari,
459 2275 561 2348 inquit,
574 2276 605 2332 in
617 2288 648 2334 te
666 2279 762 2347 mauis
774 2281 856 2355 qudm

124 2358 155 2413 in
168 2375 217 2412 me
235 2354 350 2411 hostilia
363 2375 461 2412 ausus.
503 2354 643 2413 Juberem
654 2369 750 2414 macte
761 2359 854 2419 virtute

124 2453 200 2500 esse,
214 2434 238 2490 si
252 2452 306 2506 pro
319 2439 388 2490 met
399 2434 493 2508 patri&
502 2433 560 2490 ista
568 2433 661 2490 virtus
670 2445 763 2493 staret.
777 2441 853 2498 Nunc

122 2513 190 2590 jure
203 2513 270 2569 belli
286 2511 412 2568 liberum
421 2523 461 2577 te,
469 2511 625 2579 intactum,
638 2510 852 2593 inviolatumque

124 2593 193 2648 hinc
206 2591 328 2646 dimitto.
340 2593 420 2645 Tum
433 2589 566 2655 Mucius,
580 2590 662 2661 quasi
677 2609 852 2656 remunerans

124 2668 283 2724 meritum:
305 2664 559 2736 Quandoquidem,
574 2665 679 2739 inquit,
693 2681 737 2725 est
748 2677 851 2745 apudte

124 2743 223 2801 virtuti
237 2746 338 2811 honos,
359 2752 392 2798 ut
403 2742 547 2798 beneficio
564 2744 667 2800 tuleris
688 2746 771 2818 aime,
781 2757 850 2827 quod
