1875 3267
483 272 546 328 274

143 435 201 492 quo
222 417 367 489 elephanti
389 417 518 472 hostiurn
540 417 653 490 accepti
674 415 752 472 nihil
772 416 880 474 ordines

142 499 300 552 turbarent.
342 495 468 553 Laelium
479 494 579 570 (cujus
593 494 659 550 ante
673 492 779 568 legati,
792 511 829 550 eo
838 515 882 550 an.

142 591 179 629 no
193 575 345 648 quaestoris
359 571 442 632 extri
455 585 566 629 sortem
578 591 615 629 err
630 577 879 629 senatusconsulto

141 654 233 724 operi
249 650 394 725 utebatur)
406 670 477 706 cum
491 651 590 707 Italico
604 652 737 724 equitatu
751 653 789 706 ab
808 651 881 706 sinis

142 739 187 786 tro
202 748 301 799 cornu,
316 728 504 800 Masinissam
519 728 723 803 Numidasque
736 730 776 784 ab
788 729 882 785 dextro

143 809 278 881 opposuit
284 807 296 874 ';
321 809 380 865 rias
395 817 525 880 patentes
538 807 614 864 inter
627 809 800 878 manipulos
813 819 881 863 aute·

143 884 332 960 signanomm
353 885 487 942 velitibus
500 885 549 960 (ea
568 896 637 942 tunc
651 886 725 942 levis
740 898 883 942 armatura

144 967 219 1037 erat)
234 965 410 1037 complerit;
432 965 499 1020 dato
513 976 671 1037 praecepto,
683 975 728 1032 ut,
746 965 785 1020 ad
800 965 882 1038 impe-

144 1053 208 1098 tum
222 1044 451 1116 elephantorum,
464 1049 594 1116 aut'poat
606 1053 704 1099 rectos
718 1042 881 1116 refugerent

143 1121 269 1188 ordines,
287 1133 338 1178 aut
357 1119 389 1176 in
408 1121 543 1186 dextram
565 1122 732 1196 laevamque
754 1121 882 1177 discursu

144 1199 321 1271 applicantes
335 1218 365 1256 se
385 1199 591 1273 antesignanis,
611 1199 698 1266 riam,
713 1197 788 1272 quiri
802 1198 882 1254 irrue·

145 1285 210 1332 rent
223 1275 253 1330 in
267 1277 401 1352 ancipitia
413 1274 480 1345 tela,
493 1279 596 1334 belluis
607 1278 718 1334 darent.
763 1276 886 1334 Annibal

144 1355 181 1410 ad
202 1365 346 1412 terrorem
369 1355 503 1429 primum
531 1357 700 1428 elephantos
726 1354 884 1431 (octoginta

145 1441 243 1488 autem
259 1445 349 1500 erant,
363 1444 435 1508 quot
448 1435 530 1490 nulla
543 1433 686 1506 umqulm
699 1433 731 1488 in
746 1435 814 1490 acie
828 1433 882 1491 anti

119 1512 122 1526 ⁴
146 1510 299 1584 habuerat)
310 1510 466 1567 instruxit:
489 1509 593 1568 deinde
606 1510 718 1567 auxilia
730 1512 884 1586 Ligurum,

146 1588 368 1662 Gallorumque,
387 1589 567 1659 Balearibus,
588 1589 765 1663 Maurisque
786 1592 885 1647 admis-

146 1667 204 1733 tis;
227 1665 256 1722 in
282 1669 411 1725 secunda
431 1669 494 1725 acie
514 1665 776 1742 Carthaginienses
790 1669 885 1727 Afros·

53 1783 56 1790 *
147 1761 214 1820 que,
228 1756 257 1800 et
277 1746 478 1804 Macedonum
496 1745 663 1820 legionem
684 1748 807 1803 modico
826 1746 884 1802 inde

147 1823 296 1880 intervallo
311 1825 420 1890 relicto,
442 1823 642 1881 subsidiariam
664 1821 762 1880 aciem
777 1826 886 1882 Italico·

147 1919 216 1957 rum
230 1901 360 1958 militum
370 1902 491 1980 (Bruttii
506 1902 639 1977 plerique
649 1913 743 1969 erant,
754 1903 787 1958 vi
799 1923 834 1960 ao
843 1922 886 1960 ne·

149 1980 282 2036 cessitate
297 1983 404 2053 plures,
417 1979 507 2054 quim
516 1984 569 2036 sual
580 1983 728 2039 voluntate
742 1983 888 2040 disceden-

148 2068 210 2112 tem
231 2075 268 2112 ex
289 2060 370 2114 ltalia
392 2059 500 2128 secuti)
523 2058 672 2115 instruxit.
714 2060 887 2136 Equitatum

148 2133 238 2189 etiam
254 2133 352 2207 ipsum
366 2136 561 2194 circumdedit
574 2136 728 2205 cornibus3
749 2139 886 2195 dextrum

149 2213 414 2286 Carthaginienses
441 2214 591 2272 sinistrum
625 2215 765 2272 Numidae
794 2227 888 2274 tenue·

148 2302 224 2345 runt·
269 2292 354 2349 Varia
366 2293 528 2350 adhortatio
548 2305 609 2350 erat
626 2294 655 2350 in
670 2294 806 2352 exercitu
818 2295 888 2352 inter

148 2379 192 2425 tot
205 2370 356 2438 homines;
379 2370 485 2443 quibus
502 2391 559 2428 non
577 2373 685 2447 lingua,
703 2391 762 2428 non
783 2394 887 2439 mores.

147 2463 205 2504 non
228 2449 287 2516 lex,
304 2467 360 2505 non
380 2467 470 2513 arma,
485 2468 541 2507 non
564 2454 684 2507 restitus
704 2453 890 2524 habitusque,

21 2577 22 2582 ,
149 2541 208 2580 non
228 2544 329 2582 caussa
348 2527 489 2582 militandi
509 2530 611 2586 eadem
632 2540 716 2585 esset.
757 2532 887 2588 Auxilia-

21 2603 22 2664 ]
96 2673 97 2676 Ἰ
150 2603 240 2663 ribus,
254 2615 282 2659 et
304 2621 444 2676 praesens,
458 2618 488 2660 et
504 2607 695 2677 multiplicata
714 2627 834 2665 merces
852 2628 887 2665 ex

21 2695 22 2706 ¹
149 2681 245 2752 predi
259 2692 428 2748 ostentatus
466 2683 544 2738 Galli
557 2685 677 2757 proprio
696 2699 785 2759 atque
807 2677 887 2742 insito
917 2732 919 2775 Ι

133 2757 179 2812 =in
207 2759 355 2816 Romanos
381 2759 447 2816 odio
480 2763 687 2821 accenduntur.
727 2763 885 2841 Liguribus
917 2780 919 2815 Ι
