1875 3267
447 284 509 345 368

105 429 240 495 tantibus,
259 425 390 494 maxime
410 439 531 502 propter
550 422 735 484 altitudinem
750 427 849 494 maris,

107 511 157 582 qni
177 527 197 562 x
219 504 347 580 legionis
369 505 500 580 aquilam
526 503 645 573 ferebat,
670 515 847 565 contestatus

106 587 184 652 deos,
197 594 229 640 ut
243 604 277 641 ea
291 583 461 660 r·es·legioni
481 583 605 641 feliciter
618 582 766 640 eveniret:
790 585 849 640 De·

106 662 191 730 silite,
205 661 309 736 inquit,
327 663 445 732 milites,
464 662 519 719 nisi
536 663 623 719 vultis
637 659 767 736 aquilam
782 664 849 724 hos-

105 741 183 796 tibus
196 742 329 814 prodere.
371 742 437 818 Ego
451 740 529 797 certe
544 759 648 812 meum
669 739 796 813 Reipub.
809 751 849 797 at·

104 836 161 890 que
196 821 370 893 Imperatori
402 819 531 878 officinm
562 819 739 892 prastitero.
782 819 850 874 Hoc

105 897 200 970 quum
214 902 321 973 inagna
336 917 407 960 roee
421 897 553 964 dixisset,
567 917 599 953 se
619 917 656 954 ex
671 896 737 953 navi
751 896 850 974 proje·
909 910 911 915 '

105 973 155 1046 cit,
169 988 254 1052 atque
269 976 299 1032 in
309 977 406 1033 hostes
417 975 545 1048 aquilam
556 975 633 1032 serre
643 974 743 1048 coepit.
764 973 850 1032 Trim

104 1056 197 1111 nostri
213 1056 355 1112 cohortati
375 1055 449 1111 inter
465 1074 506 1120 se,
526 1073 562 1110 ne
582 1066 698 1111 tantum
719 1054 849 1117 dedecus
909 1092 911 1095 -

105 1135 301 1201 admitterent,
313 1133 439 1190 universi
451 1152 488 1188 ex
502 1132 566 1190 navi
580 1132 773 1198 desilierunt3
797 1132 849 1188 hos
909 1170 911 1175 -

104 1211 177 1267 item
191 1212 239 1269 alii
254 1231 290 1268 ex
304 1211 451 1286 proximis
466 1209 588 1268 naribus
598 1208 849 1284 qutimeonspex·
909 1276 911 1283 Ι

102 1287 205 1357 issent,
228 1290 387 1357 subsecuti,
409 1293 541 1347 hostibus
563 1288 848 1362 appropinquarunt.
909 1330 911 1365 :

104 1369 274 1442 Pugnatum
288 1380 333 1425 est
346 1371 380 1425 ab
394 1369 524 1440 utrisque
539 1369 655 1424 acriter.
686 1367 795 1423 Nostri
806 1377 847 1425 ta·
909 1376 911 1439 ξ

102 1464 183 1512 men,
198 1446 276 1520 qndd
289 1443 383 1519 neque
397 1446 515 1503 ordines
533 1443 661 1512 serrare,
680 1443 781 1517 neque
801 1445 848 1502 fir·
909 1470 911 1517 j

103 1523 191 1582 miter
213 1524 356 1594 insistere,
377 1523 473 1596 neque
497 1524 582 1599 signa
604 1523 746 1596 subsequi
768 1526 848 1599 pote·
909 1530 911 1557 ³

104 1615 178 1668 rant,
200 1602 285 1675 atque
308 1603 381 1660 alius
402 1602 457 1658 alia
479 1623 517 1659 ex
531 1601 596 1658 navi
609 1603 847 1677 quibuscumque
909 1604 911 1675 f

104 1681 197 1757 signis
218 1692 395 1749 occurrerat,
410 1699 441 1737 se
462 1682 650 1756 aggregabat,
664 1680 848 1755 magnopere
909 1698 911 1703 ·

104 1763 356 1833 perturbabantur.
397 1761 507 1816 Hostes
526 1776 604 1827 rero,
617 1757 694 1814 notis
709 1759 848 1816 omnibus
909 1758 911 1765 '

104 1839 194 1908 vadiS,
208 1839 258 1894 ubi
273 1859 309 1895 ex
324 1838 420 1894 littore
436 1838 547 1911 aliquos
557 1835 769 1911 singularesex
780 1837 847 1894 nari
909 1856 911 1913 j

103 1917 289 1990 egredientes
304 1927 528 1990 conspexerant,
540 1914 668 1971 incitatis
681 1916 778 1990 equis,
793 1917 847 1973 im·
909 1944 911 1957 =

102 1995 218 2068 peditus
229 1996 440 2052 adoriebantur.
481 1996 702 2066 Plurespancos
717 1995 848 2052 circum·
909 1992 911 2005 '

102 2075 259 2139 sistebant;
281 2071 330 2130 alii
350 2075 384 2128 ab
404 2075 495 2129 latere
517 2082 625 2144 aperto,
638 2071 668 2126 in
689 2071 848 2130 uniuersos
909 2118 911 2127 .

102 2155 159 2209 tela
180 2151 380 2225 conjiciebant.
402 2152 490 2221 Quod
507 2148 600 2223 qutim
622 2149 848 2208 animadvertis·
909 2208 911 2217 ,

104 2242 147 2287 set
166 2232 277 2296 Caesar,
300 2231 424 2302 scaphas
443 2231 600 2303 longarum
621 2227 751 2295 narium,
772 2229 848 2287 item
909 2284 911 2287 .

103 2305 297 2380 speculatoria
316 2306 433 2380 navigia
453 2307 599 2365 militibus
616 2305 765 2378 compleri
783 2308 850 2382 jus·

29 2425 31 2436 ι
103 2390 159 2445 sit:
182 2397 218 2452 et,
233 2403 307 2460 quos
321 2387 485 2442 laborantes
492 2395 694 2457 conspexerat,
702 2385 739 2441 iis
752 2385 851 2442 subsi-

29 2519 30 2522 ,
102 2467 149 2522 dia
162 2465 370 2521 summittebat.
393 2463 506 2529 Nostri,
521 2463 609 2519 simul
622 2473 710 2535 atque
718 2463 748 2518 in
763 2462 849 2520 arido

29 2541 30 2612 q
102 2543 304 2610 constiterunt,
319 2543 379 2599 suis
393 2540 529 2599 omnibus
544 2540 718 2607 consecutis,
732 2541 767 2608 in
777 2543 849 2598 hos-

29 2619 31 2640 *
100 2633 146 2674 tes
159 2622 305 2689 impetum
320 2619 461 2684 lecerunt,
475 2630 561 2690 atque
574 2636 625 2673 eos
634 2619 664 2674 in
678 2615 783 2692 fugam
795 2621 848 2676 de·
909 2680 911 2697 Ι

100 2697 225 2762 derunt3
247 2698 341 2768 neque
367 2695 486 2770 longuis
511 2696 651 2768 prosequi
676 2707 850 2770 potnerunt,
909 2728 911 2749 ÷

100 2771 178 2838 quud
196 2773 311 2845 equites
332 2791 452 2832 cursum
474 2784 583 2843 tenere,
603 2784 690 2848 atque
712 2775 848 2832 insulam
909 2778 911 2815 ἶ
