1875 3267
443 299 506 356 233

95 443 176 512 bate,
195 441 287 517 quam
299 457 359 501 non
380 442 521 521 adjuvare
541 443 695 504 consillum
716 455 838 521 poterat

96 521 293 596 Transgressi
312 521 434 591 flumen,
447 541 498 580 eas
511 541 629 614 quoque
649 543 720 616 quas
732 524 762 582 in
776 545 840 586 cas·

95 599 151 656 tris
170 599 332 658 minoribus
351 601 510 661 habuerant
530 603 638 693 eripias,
657 604 717 662 suis
736 604 839 681 adjun-

95 686 190 766 gunta
210 685 296 752 atque
308 675 350 736 ital
362 677 503 739 instructa
511 680 584 746 acie,
593 679 623 736 in
637 682 739 738 dextro
747 699 838 741 eomu

94 753 139 826 (id
152 764 215 814 erat
227 755 342 815 flumini
354 756 488 833 propius)
510 759 659 816 Romanos
670 761 783 834 equites
795 764 838 818 lo·
875 783 880 787 ·

93 843 173 902 cant,
192 833 296 892 deindd
316 835 447 910 pedites·
469 838 578 894 laevum
599 854 689 894 cornu
710 838 836 896 extremi

91 912 209 987 equites
231 913 387 982 sociorum,
407 912 485 971 intral
505 915 630 988 penites,
649 915 685 972 ad
705 915 837 974 medium

88 989 190 1068 juncti
202 992 365 1066 legionibus
376 992 516 1050 Romanis
527 1004 685 1049 tenuerunt
696 992 837 1070 jaculato-

88 1085 150 1128 res.
171 1071 220 1128 Ex
233 1070 348 1128 caeteris
361 1071 469 1128 levium
480 1089 632 1128 armorum
646 1070 766 1128 auxiliis
778 1073 838 1146 pri·

88 1165 143 1205 :na
155 1149 232 1206 acies
249 1147 333 1206 facta.
374 1150 519 1208 Consules
532 1167 641 1206 cornua
660 1159 835 1206 tenuerunt:

87 1225 252 1285 Terentius
265 1229 384 1297 laevum,
394 1226 531 1285 AEmilius
543 1229 692 1297 dextrum,
706 1229 837 1285 Gemino

67 1345 69 1350 .
90 1301 220 1363 Servilio
233 1305 330 1363 media
343 1323 445 1380 pugna
458 1307 567 1362 tuenda
580 1308 653 1363 data.

131 1383 258 1442 Annibal
269 1385 335 1443 luce
345 1384 442 1460 prima
452 1385 638 1442 Balearibus¹
649 1382 765 1459 levique
775 1383 834 1442 alia

87 1466 241 1520 armatura
260 1463 416 1538 premissa,
435 1473 637 1538 transgressus
658 1462 779 1533 flumen,
801 1474 834 1520 ut

88 1559 222 1614 quosque
240 1543 417 1605 traduxerat,
432 1540 472 1597 ita
484 1541 515 1596 in
529 1541 591 1598 acie
604 1543 722 1598 locabat.
762 1542 833 1599 Gal·

87 1621 134 1678 los
148 1619 354 1694 Hispanosque
367 1620 479 1695 equites
499 1616 589 1693 prope
606 1617 700 1692 ripam
714 1621 790 1676 laevo
802 1621 834 1678 in

85 1714 183 1756 cornu
202 1695 339 1756 adversus
359 1699 529 1754 Romanum
548 1697 731 1770 equitatum·
758 1698 833 1754 dex·

85 1785 172 1864 trum
185 1793 276 1835 cornu
289 1775 428 1833 Numidis
437 1774 585 1850 equitibus
598 1775 718 1839 datum3
733 1773 832 1831 media

86 1852 154 1911 acie
167 1855 311 1934 peditibus
324 1852 469 1922 firmata,
462 1863 501 1909 tta
510 1863 542 1909 ut
555 1851 698 1908 Afrorum
707 1860 831 1924 utraque

85 1949 199 1990 cornua
211 1941 318 2000 essent,
328 1933 584 2007 interponerentur
597 1928 643 1985 his
656 1927 747 1985 medii
761 1930 831 1987 Gal·

83 2010 108 2068 li
123 2021 211 2085 atque
225 2011 358 2085 Hispani.
394 2009 481 2070 Afros
495 2011 659 2066 Romanam
672 2011 778 2082 magna
792 2027 831 2066 ex

76 2100 171 2164 'parte
183 2091 317 2148 crederes
330 2088 443 2148 aciem:
464 2087 504 2146 ita
517 2086 622 2144 armati
634 2096 726 2154 erant,
739 2086 830 2143 armis

84 2178 117 2224 et
131 2169 168 2225 ad
188 2167 337 2237 Trebiam,
356 2177 500 2225 caeterum
520 2167 628 2241 magna
642 2183 679 2222 ex
698 2175 780 2239 parte
793 2167 830 2223 ad

87 2245 312 2315 Trasimenum,
324 2245 426 2320 captis.
447 2245 542 2302 Gallis
554 2242 751 2319 Hispanisque
764 2262 830 2302 scu-

84 2335 116 2381 ta
129 2325 262 2400 ejusdem
275 2323 380 2382 formae
392 2321 453 2382 fere
467 2334 565 2381 erant:
580 2323 711 2394 dispares
723 2341 758 2379 ac
770 2323 829 2378 dis·

85 2404 199 2461 similes
208 2404 312 2479 gladii:
328 2404 422 2461 Gallis
431 2399 700 2478 praelongi,ae's1ne
712 2418 831 2458 mucro·

123 2605 134 2634 ¹
161 2605 291 2662 Baleares,
302 2602 461 2652 inhabitants
473 2602 505 2652 of
522 2603 568 2653 tbe
582 2603 719 2652 Balearian
741 2602 825 2652 isles:

83 2675 137 2720 two
150 2667 286 2719 islandsof
293 2671 339 2719 the
353 2670 576 2730 Mediterranean,
585 2683 649 2719 near
656 2671 702 2719 the
713 2676 787 2717 coast
798 2664 831 2716 of

83 2736 223 2797 valencia,
240 2736 268 2786 in
287 2735 384 2802 Spurius
402 2751 458 2786 now
470 2735 557 2786 called
575 2735 697 2799 Major-ea
708 2732 759 2783 and
771 2732 823 2783 ui·
927 2761 929 2768 ·

82 2817 173 2856 norea.

382 2872 472 2924 'ua
