1875 3267
384 242 386 250 '
446 266 505 324 ss1

150 411 252 470 Nunc
266 407 433 468 intermissi
446 412 631 486 navigatione
644 408 768 471 Hiberni
788 427 850 470 rna·

109 487 154 546 ris
170 489 333 564 Agrippina
346 492 525 564 Corcyram¹
548 490 674 548 insulam
688 489 850 555 advehitur,

110 568 210 625 littora
223 568 380 626 Crdabriae²
406 570 507 626 contrd
528 568 623 626 sitam.
658 566 723 626 lllic
742 583 852 641 paucos

109 644 176 702 dies
189 649 392 720 componendo
406 649 503 706 animo
511 649 644 717 insumit,
652 647 778 705 violenta
791 649 852 703 luc·

108 735 153 790 tu,
166 736 197 782 et
209 726 307 782 nescia
320 727 469 783 tolerandi.
512 724 635 784 Interim
649 728 773 783 adventu
784 724 851 812 'ejus

108 804 218 871 audito,
232 803 354 861 intimus
367 804 494 880 quisque
502 805 675 872 amicorum,
681 814 710 859 et
718 807 852 877 plerique

107 881 264 952 militares
290 893 324 938 ut
348 884 398 956 qui
431 903 489 957 que
511 887 564 942 sub
595 882 775 940 Germanico
803 881 858 940 sti·

108 960 216 1036 pendia
230 962 365 1029 fecerant,
378 963 523 1035 multique
542 964 628 1021 etiam
644 959 735 1037 ignoti
748 959 853 1016 vicinis

109 1037 320 1114 &municipiis
336 1057 403 1114 pars
416 1041 544 1100 officium
563 1043 592 1099 in
612 1039 775 1115 principem
789 1036 853 1106 rati,

99 1120 211 1193 plures
224 1117 288 1176 illos
302 1121 404 1188 secuti,
419 1137 505 1178 ruere
519 1123 555 1178 ad
573 1122 715 1192 oppidum
730 1116 854 1174 Brundi·

108 1196 201 1263 sium,
215 1199 292 1272 quod
300 1199 447 1274 naviganti
459 1201 649 1259 celerrimum
664 1195 855 1254 fidissimum·

109 1293 168 1350 que
181 1276 306 1350 adpulsu
321 1289 391 1334 erat.
414 1277 512 1351 Atque
532 1277 582 1335 ubi
597 1273 729 1352 primum
742 1293 780 1331 ex
795 1275 854 1330 alto

107 1353 171 1412 visa
183 1357 293 1424 classic,
314 1359 501 1432 complentur
519 1375 577 1414 non
597 1355 687 1414 modd
701 1366 804 1429 portus
824 1364 854 1409 et

107 1432 246 1508 proxima
266 1435 368 1503 maris,
387 1437 439 1498 sed
458 1436 569 1494 moenia
589 1454 624 1493 ac
637 1446 723 1502 tecta,
737 1430 854 1506 quaque

109 1511 282 1587 longissime
309 1514 491 1588 prospectari
517 1525 637 1589 poterat,
664 1510 854 1572 rnaerentium

108 1593 209 1657 turbt,
222 1611 256 1650 ac
277 1591 467 1670 rogitantium
481 1593 557 1650 inter
570 1613 611 1660 se,
632 1592 747 1651 silentio
760 1608 797 1648 ne
817 1605 854 1646 an

111 1687 184 1728 voce
197 1668 295 1744 aliqui
309 1673 509 1745 egredientem
527 1673 708 1745 exciperent.
749 1665 854 1743 Neque

110 1747 182 1806 satis
206 1750 353 1807 constabat
372 1750 441 1821 quid
464 1768 518 1822 pro
535 1762 672 1824 ⁷ternpore
685 1749 769 1813 foret,
782 1745 854 1804 edm

112 1827 216 1884 classis
230 1823 374 1900 paulatim
389 1829 541 1895 successit,
555 1847 613 1886 non
627 1826 715 1886 alacri
728 1838 760 1883 ut
773 1826 856 1882 adso·

110 1907 154 1964 let
167 1905 303 1982 remigio,
316 1908 366 1966 sed
380 1908 494 1964 cunctis
504 1909 540 1966 ad
549 1907 697 1964 tristitiam
708 1900 855 1979 composi·

77 1987 86 2004 “
110 1983 159 2042 tis.
181 1981 343 2058 Postquam
356 1985 469 2044 duobus
484 2004 554 2044 cum
564 1984 663 2061 liberis
673 1984 795 2042 feralem
808 1999 857 2039 ur·

111 2080 181 2119 nam
195 2073 298 2120 tenens
312 2081 430 2140 egressa
442 2064 517 2133 navi,
539 2064 641 2123 defixit
653 2065 761 2130 oculos,
774 2062 855 2119 idem

112 2143 249 2198 omnuim
274 2144 414 2215 gemitus,
433 2142 528 2218 nequd
545 2145 737 2207 discerneres,
758 2140 858 2216 proxi*

112 2237 190 2287 mos,
203 2221 320 2288 alienos,
332 2221 474 2290 virorum,
484 2222 699 2281 feminarumve
712 2223 856 2297 planctus,¹

98 2344 101 2348 .
112 2298 171 2355 nisi
180 2300 255 2370 quod
266 2299 437 2358 comitatum
446 2302 620 2376 Agrippinae
631 2303 719 2374 longo
729 2313 856 2359 macrore

114 2375 239 2446 fessum,
253 2377 331 2435 obvii
350 2390 379 2435 et
400 2391 532 2436 recentes
545 2382 575 2436 in
588 2380 688 2436 dolore
702 2377 856 2434 anteibant.
922 2436 923 2439 Ἴ

112 2505 855 2537 mm

137 2588 168 2662 '1
193 2588 456 2653 Corcyram-Cossu,
469 2603 501 2637 an
519 2587 567 2636 isle
580 2587 612 2637 of
625 2588 671 2637 the
685 2585 747 2652 gulf
759 2583 791 2636 of
804 2587 858 2636 Vs·-

118 2665 187 2701 nice.

155 2723 167 2750 ²
192 2719 362 2770 Calabria-a
378 2719 501 2781 province
525 2718 557 2769 of
572 2719 649 2783 Italy,
676 2716 785 2769 disided
802 2717 856 2768 into

119 2793 204 2847 upper
216 2787 266 2837 and
278 2787 358 2837 lower
371 2785 504 2836 Calabria·

416 2893 437 2920 ᾖ
477 2927 481 2931 .
