1875 3267
391 319 454 376 177

205 512 488 585 nunnurrou
508 484 621 585 xrn.

109 659 255 724 Devoted
270 674 320 723 oct
335 661 375 745 os
387 681 495 746 young
515 663 553 723 T.
570 660 718 724 Manlios.

189 800 283 865 (Rom.
296 802 367 854 nist.
383 803 461 854 Titus
474 805 508 854 L.
520 800 589 853 book
601 803 638 867 7.)

80 940 172 989 Reus
183 937 274 1005 enjoys
287 956 303 989 a
313 938 443 1003 profound
453 956 545 1003 pesce,
553 940 602 991 but
611 941 659 990 the
666 938 786 990 restlesr-

46 1020 111 1054 uess
119 1002 203 1056 nithe
215 1005 346 1054 Tribunes
353 1004 437 1069 keeps
444 1007 518 1056 them
527 1022 589 1055 ever
596 1022 628 1057 on
638 1007 683 1057 the
694 1008 785 1057 search

44 1068 79 1118 of
85 1069 207 1133 pretexts
215 1067 465 1135 fordisturbing‘the
476 1071 582 1137 general
589 1086 691 1137 repose.
709 1070 789 1121 After

44 1137 95 1183 the
114 1134 288 1200 dictatorship
299 1134 331 1185 of
345 1137 376 1186 L.
389 1137 515 1197 Manlius,
534 1138 596 1201 they
609 1137 662 1188 cite
678 1137 732 1187 him
742 1136 789 1187 be·

38 1200 106 1250 dore
117 1202 165 1251 the
175 1202 281 1265 peopie,
296 1200 409 1254 without
420 1216 469 1267 any
481 1204 557 1253 other
569 1202 692 1269 atlsdged
704 1203 787 1253 crime

44 1268 112 1316 than
124 1265 226 1319 matos
238 1262 354 1333 keeping
364 1269 406 1318 his
418 1281 465 1318 son
476 1268 596 1319 confined
606 1275 633 1319 to
650 1270 696 1319 the
708 1284 788 1319 coun-

43 1338 95 1396 try.
131 1333 208 1449 Theg
218 1332 287 1452 hqsse
299 1334 358 1384 that
368 1334 410 1384 his
428 1334 544 1399 severity
561 1334 588 1385 in
605 1332 681 1384 office
699 1332 787 1383 would

43 1397 177 1449 condemn
202 1397 243 1449 'im

42 1482 67 1515 1s
79 1463 236 1517 frustrsted.

273 1398 347 1454 efore
358 1401 405 1455 the
415 1399 520 1467 people,
533 1394 581 1452 but
591 1400 662 1459 their
672 1414 788 1467 purpose

73 1612 159 1668 Ante
171 1610 269 1669 omnia
276 1609 406 1669 invisum
413 1609 515 1687 ipsum
527 1612 681 1689 ingenium
690 1623 784 1682 atrox,

43 1695 281 1765 cognomenque
294 1689 455 1763 Imperiosi
464 1703 553 1765 grave
562 1690 661 1751 liberae
670 1690 787 1759 civitati,

42 1770 80 1829 ab
95 1765 293 1825 ostentatione
307 1766 432 1825 saevitiae
446 1767 613 1837 adscitum
628 1786 715 1843 quam
726 1781 787 1825 non

40 1845 146 1920 magis
173 1846 204 1902 in
224 1844 336 1915 alienis,
350 1843 442 1920 qudm
461 1843 493 1901 in
506 1845 663 1921 proximis„
675 1866 708 1905 ao
723 1862 786 1905 san-

42 1922 139 1997 guine
149 1922 214 1997 ipse
237 1937 291 1981 suo
304 1933 483 1992 exercerem
505 1923 682 2000 criminique
696 1927 722 1984 ei
736 1924 786 1983 tri·

40 2004 142 2060 bunus
166 2002 244 2060 inter
263 2010 372 2059 coetero
385 2002 479 2071 dabat,
491 2000 580 2076 Quid
597 2002 692 2061 filium
703 2003 785 2081 juve·

41 2076 118 2137 nem
143 2081 251 2140 nullius
278 2080 378 2155 probri
405 2084 602 2157 compertum,
624 2093 784 2150 extorrem,

41 2160 128 2228 urbe)
146 2160 243 2229 domo,
261 2159 423 2235 penatibus,
443 2158 517 2231 foro,
531 2163 607 2230 luce,
621 2176 784 2238 congressu

43 2236 209 2311 aequalium
221 2238 411 2314 prohibitum,
425 2238 455 2293 in
475 2257 551 2313 opus
567 2240 681 2309 servile,
692 2234 785 2315 propi

41 2313 73 2368 in
102 2333 256 2374 carcerem
275 2326 362 2390 atque
389 2314 420 2371 in
442 2318 629 2392 ergastulum
648 2318 783 2375 dederit:

42 2393 95 2449 ubi
117 2411 237 2451 summo
268 2396 332 2451 loco
359 2402 445 2451 natus
474 2394 643 2453 dictatorius
667 2394 785 2471 juvenis

41 2472 217 2542 quotidiani
236 2470 359 2530 miseriei
379 2471 514 2541 disceret,
537 2470 605 2529 verti
622 2474 786 2547 ‘imperioso

40 2553 129 2622 patre
144 2568 176 2607 se
189 2559 292 2606 natum
312 2568 387 2609 esse.
435 2554 478 2609 At
490 2561 580 2626 quam
599 2553 636 2607 ob
650 2550 783 2607 noxam?

40 2629 117 2699 quia
141 2625 323 2685 infacundior
345 2629 392 2695 sit,
417 2639 447 2686 et
459 2628 561 2705 lingui
573 2629 783 2701 impromptus.

41 2708 135 2777 Quod
160 2718 275 2765 naturae
298 2706 440 2763 darnnum
464 2705 573 2779 utrum
593 2704 784 2763 nutriendum

41 2781 126 2859 putri
141 2784 182 2856 (si
190 2785 349 2863 quicquam
361 2782 391 2841 in
402 2802 437 2843 eo
446 2784 569 2867 humani
579 2784 670 2850 esset)
680 2795 716 2837 an
724 2794 786 2835 cas.-
