1875 3267
452 333 515 414 ssu

98 477 311 552 acciperetque
322 475 499 553 Agrippina,
511 474 589 536 facili
597 476 774 539 feminarum
782 494 846 539 ere·
927 526 929 537 .

99 554 222 617 dulitate
236 556 273 612 ad
286 556 398 629 gaudia.
419 556 601 615 Venientem
616 558 733 626 dehinc,
745 555 846 614 obvius

100 633 134 690 in
149 633 245 698 littora
258 636 340 701 (nam
350 634 437 690 Antio
445 633 628 708 adventabat)
636 635 749 710 excipit
757 653 846 694 manu

100 721 132 770 ct
146 712 317 785 complexu,
325 710 464 780 ducitque
474 714 599 775 Baulos:
615 714 644 770 id
653 715 728 771 villae
737 731 845 772 nomen

99 800 158 859 est,
168 808 235 864 quae
246 787 482 862 promontorium
490 789 641 852 Misenum
653 791 729 848 inter
742 788 846 851 11Βώ-

100 886 193 928 anum
206 865 401 936 lacum,flexo
414 865 489 922 mari
499 869 636 940 adluitur.
657 869 756 926 Stabat
768 870 845 928 inter
883 901 887 906 ·

99 947 172 1008 alias
180 946 261 1004 navis
272 945 409 1012 ornatior,
418 943 560 1018 tanquam
572 946 602 1004 id
612 964 728 1020 quoque
741 948 845 1007 honori

100 1022 206 1082 matris
219 1025 345 1082 daretur.
387 1022 504 1096 Quippe
526 1034 659 1082 sueverat
678 1023 802 1095 triremi,
814 1037 846 1087 et

99 1101 324 1160 classiariorum
335 1099 461 1176 remigio
475 1102 550 1161 vehi.
579 1099 710 1163 *Actum
722 1101 846 1162 invitata

100 1183 137 1250 ad
151 1183 252 1255 epulas
266 1190 337 1246 erat,
358 1189 392 1236 ut
404 1181 576 1236 occultando
588 1179 711 1238 facinori
722 1199 782 1239 nox
796 1184 845 1239 ad-

98 1258 257 1316 hiberetur.
280 1258 355 1316 Satis
365 1255 502 1323 constitit,
512 1256 644 1317 extitisse
653 1258 844 1334 proditorem,

100 1345 132 1394 et
155 1335 363 1412 Agrippinam,
389 1335 495 1393 auditis
515 1336 637 1407 insidiis,
658 1356 694 1396 an
712 1340 844 1403 crederet

99 1415 281 1489 ambiguam,
295 1412 459 1491 gestamine
474 1417 554 1473 sellae
566 1417 651 1475 Baias
660 1427 842 1492 pervectam.

100 1494 145 1554 lbi
160 1493 389 1550 blandimentum
404 1493 565 1552 sublevavit
575 1506 700 1564 metum,
720 1494 844 1559 comiter

97 1581 232 1645 excepta,
244 1586 391 1646 superque
402 1569 502 1645 ipsum
513 1573 659 1630 collocata.
681 1576 760 1631 Nam
774 1575 841 1644 plu·

78 1713 81 1718 ,
97 1650 179 1708 ribus
197 1650 392 1720 sermonibus,
405 1649 493 1706 modo
508 1649 703 1708 familiaritate
714 1649 841 1727 juvenili

96 1729 190 1800 Nero,
203 1738 233 1785 et
244 1725 349 1786 rursds
367 1728 514 1784 adductus
534 1729 617 1803 quasi
637 1729 715 1786 seria
737 1743 840 1786 conso-

97 1806 197 1874 ciaret,
210 1816 303 1864 tracto
316 1805 346 1863 iu
364 1802 485 1880 longum
500 1804 644 1875 convictu,
655 1807 842 1882 prosequitur
871 1847 874 1850 ·

97 1881 398 1952 alienaremur-etius
417 1883 513 1940 oculis
531 1894 561 1941 et
582 1885 695 1959 pectori
716 1885 840 1954 haerens,

97 1962 161 2020 sire
169 1963 314 2035 explenda
325 1960 520 2029 simulatione,
528 1981 580 2020 seu
591 1965 727 2037 periturae
738 1964 841 2032 matris

96 2057 256 2113 supremus
269 2041 433 2114 adspectus,
447 2041 581 2112 quamvis
595 2040 692 2099 ferum
705 2039 839 2106 animum

95 2119 247 2176 retinebat.
277 2118 407 2178 Noctem
421 2119 565 2178 sideribus
574 2121 727 2187 illustrem,
737 2129 766 2177 et
777 2123 840 2196 pla·

95 2197 162 2256 cido
183 2197 259 2254 mari
281 2197 421 2270 quietam,
446 2199 530 2272 quasi
546 2199 778 2262 convincendum
802 2200 839 2257 ad

96 2277 203 2344 scelus
216 2273 256 2332 dii
269 2278 433 2348 praebuere.
475 2279 503 2332 N
506 2295 539 2332 ee
554 2275 681 2334 multum
697 2289 758 2334 erat
770 2295 839 2349 pro·

95 2372 198 2430 gressa
223 2351 314 2420 navis,
334 2355 445 2410 duobus
470 2353 487 2411 ὲ
515 2373 641 2411 numero
660 2353 838 2412 familiarum
871 2387 875 2396 ι

93 2430 293 2522 Agrippinam
311 2431 535 2489 comitantibus:
557 2449 594 2487 ex
608 2433 713 2504 quibus
726 2433 837 2506 Crepe-

94 2527 177 2568 reius
192 2510 295 2566 Gallus
317 2511 394 2567 haud
412 2512 513 2583 procrd
527 2508 730 2584 gubernaculis
742 2509 837 2567 adsta-
927 2544 928 2557 1

93 2591 152 2656 bat,
161 2585 332 2652 Acerronia,
342 2605 431 2663 super
444 2589 533 2664 pedes
541 2586 696 2644 cubitantis
708 2587 836 2658 reclinis,

93 2665 296 2740 penitentiam
310 2663 372 2734 lilii,
395 2675 426 2723 et
437 2673 638 2739 recuperatam
652 2663 756 2724 matris
770 2683 836 2740 gra-

92 2744 177 2812 tiam,
191 2758 252 2816 per
275 2743 415 2819 gaudium
441 2746 638 2800 memorabat:
661 2738 741 2810 cum,
768 2743 834 2800 dato

95 2821 192 2900 signo,
201 2838 288 2884 ruere
297 2831 409 2890 tectum
419 2820 485 2887 loci,
495 2822 589 2878 multo
600 2819 722 2896 plumbo
732 2826 833 2895 grare5

408 2916 428 2954 u
442 2900 488 2954 ka
