1875 3267
421 267 478 327 eor
520 259 524 263 ’

69 413 161 484 hum,
183 409 341 484 Bomilcar,
363 428 465 472 comes
480 407 545 491 ejus
557 411 607 490 qui
619 410 748 474 Romam
760 414 817 475 fide

69 491 195 569 publici
209 503 335 550 uenerat.
422 541 426 553 r

113 574 156 629 At
169 569 328 644 Iugurtha,
341 571 513 630 manifestus
526 568 598 628 tanti
613 571 745 641 sceleris,
757 591 818 633 non

62 647 159 738 *pride
171 647 272 706 omisit
287 648 389 708 contra
399 667 502 708 verum
516 649 578 717 niti,
588 648 679 721 quam
688 652 818 711 animad

69 726 163 786 verrit
176 741 265 800 super
277 731 402 809 gratiam
416 740 456 786 at
446 746 503 803 que
512 725 667 822 pecuniam
676 746 761 788 suam
773 732 817 788 in·

70 805 184 863 vidiam
199 803 281 862 facti
279 821 352 865 esse
377 808 504 898 Igitur,
517 802 699 880 quamquim
712 807 751 864 in
757 809 816 883 pri·

70 902 128 942 ore
143 881 256 941 actione
277 903 312 942 ex
327 884 432 944 amicis
446 881 656 958 quinquaginta
668 885 754 942 vades
767 889 816 946 de·

70 963 178 1029 derat;
194 978 286 1036 regno
299 963 395 1040 magis
416 959 507 1052 quam
521 963 639 1020 vadibus
653 964 819 1034 consulens,

70 1041 156 1100 clam
169 1039 198 1098 in
213 1041 388 1100 Numidiam
411 1039 611 1100 Bomilcarem
624 1039 755 1108 dimittit,
768 1061 819 1099 re·

70 1122 151 1179 ritus
172 1135 209 1174 ne
231 1121 360 1196 reliquos
379 1123 537 1194 populares
550 1128 649 1175 metus
669 1119 818 1179 invaderet

70 1196 198 1276 parendi
214 1197 277 1268 sibi,
290 1216 314 1255 er
305 1199 360 1255 de
375 1200 425 1256 illo
440 1197 616 1271 supplicium
629 1205 762 1256 eundum
775 1198 818 1257 fo·

70 1290 145 1336 ret·
166 1275 228 1331 et
221 1294 283 1352 ipse
298 1275 400 1353 paucis
426 1275 529 1334 diebus
547 1274 652 1332 eddem
665 1275 817 1350 profectus

71 1367 133 1422 est,
145 1355 243 1432 jussus
254 1377 270 1414 a
280 1365 382 1413 senatu
396 1355 479 1414 italie
494 1355 645 1412 decedere.
666 1357 724 1412 Sed
738 1366 817 1430 post-

71 1433 168 1508 quam
182 1433 280 1492 Roma
294 1446 431 1508 egressus
444 1443 498 1500 est,
510 1433 612 1501 fertur,
626 1432 699 1509 saepe
713 1435 818 1492 tacitus

71 1516 113 1573 ed
125 1509 283 1584 respicens,
302 1510 454 1588 postremi
480 1512 587 1569 dixisse
604 1514 717 1570 Urbem
730 1528 816 1570 rena-

73 1596 139 1652 iem
152 1605 181 1654 et
203 1589 318 1651 maturi
337 1592 509 1698 perituram,
521 1589 547 1647 si
560 1600 724 1666 emptorem
738 1591 816 1648 inve·

74 1671 164 1729 uerit
293 1681 296 1688 ’

412 1760 518 1810 Gc'
