1875 3267
486 265 548 320 322

146 429 235 488 quem
249 429 376 488 regnum
399 410 490 487 hujus
514 407 596 471 urbis
616 406 727 484 atque
719 407 896 484 imperium,

146 491 299 564 pervenire
314 501 395 550 esset
408 509 546 548 necesse:
571 489 699 547 Cinnam
718 486 792 546 ante
815 506 859 554 se,
870 500 896 543 et

145 569 257 641 Syllam
283 567 394 627 fuisse:
416 571 605 644 eundemque
626 569 754 636 dixisse,
777 567 894 624 fatalem

144 645 224 704 hunc
238 666 304 706 esse
318 667 428 708 annum
442 650 499 706 ad
491 646 646 705 interitum
656 645 847 724 hujusurbis
859 658 895 702 at·

144 743 201 816 que
215 726 347 802 imperii,
357 729 407 804 qui
417 739 494 786 esset
504 727 746 786 decimusannus
760 724 896 802 postris

145 803 256 897 ginum·
277 808 514 865 absolutionem:
543 817 610 880 post
634 806 782 880 Capitolii
801 818 895 862 autem

144 879 347 944 incensionem
357 886 524 944 vicesimus
549 887 631 943 Hunc
643 895 751 942 autem
767 887 895 957 Cethego

147 981 219 1021 cum
233 963 340 1022 ceteris
362 963 596 1033 controversiam
619 963 712 1021 fuisse
729 963 891 1021 dixerunt:

146 1042 225 1176 flubd
251 1044 379 1102 Lentulo
404 1053 435 1102 et
456 1028 522 1102 aliis
546 1045 662 1100 eedem
685 1041 890 1100 Saturnalibus

170 1120 222 1189 cri,
235 1133 322 1196 atque
336 1126 442 1182 urbem
456 1120 574 1180 incendi
586 1123 719 1195 placeret
732 1142 744 1191 ;
767 1120 891 1195 Cethego

55 1203 57 1209 “
146 1197 278 1258 nimium
291 1201 321 1259 id
334 1203 460 1278 longum
475 1200 578 1258 videri

135 1278 140 1296 ‘
188 1279 244 1348 Ac,
258 1296 296 1338 ne
322 1283 449 1358 longum
471 1279 518 1349 sit,
540 1278 683 1351 Quirites,
697 1279 890 1351 tabellaspro

146 1351 235 1412 serri'
224 1357 379 1434 jussimus,
387 1377 458 1436 quae
469 1357 487 1416 al
496 1376 614 1434 quoque
624 1357 809 1417 dicebantur
815 1359 914 1418 data

146 1432 289 1494 Primum
303 1437 489 1496 ostendimus
502 1439 637 1514 Cethego
657 1436 812 1514 signum:
833 1456 887 1510 cog·

145 1512 234 1571 novit
264 1519 326 1574 Nos
343 1515 441 1574 linum
454 1515 640 1577 incidimus:
662 1518 811 1592 legimus.
830 1516 887 1573 Erat

147 1591 315 1668 scriptum
307 1596 400 1672 ipsius
413 1613 517 1660 mauu,
527 1598 728 1672 Allobrogum
740 1596 853 1654 senatui
864 1606 913 1651 et

147 1675 260 1748 populo
273 1693 348 1742 sese,
361 1693 426 1749 quae
441 1694 547 1734 eorum
559 1675 663 1750 legatis
684 1675 913 1741 confirmasset,

148 1771 215 1812 esse
230 1753 400 1813 facturum:
423 1773 520 1822 orare,
545 1764 580 1812 ut
604 1752 677 1812 item
701 1753 747 1812 illi
772 1753 885 1813 facerent
912 1778 914 1793 ι

148 1849 216 1906 quae
229 1834 282 1892 sibi
293 1834 381 1931 legati
390 1851 496 1894 eorum
506 1831 786 1908 recepissentl'um
797 1834 886 1891 Cethe·
912 1796 914 1883 i

148 1910 310 1988 gus,paulb
323 1911 390 1971 ante
400 1911 511 1989 aliquid
521 1923 621 1971 tamen
631 1913 668 1970 de
679 1911 792 1988 gladiis
799 1928 885 1970 aestus

147 2006 217 2064 quae
227 1993 324 2082 apud'
318 2011 415 2067 ipsum
426 2003 508 2050 erant
518 1993 723 2067 deprehensae,
731 1990 886 2067 respondis

112 2083 115 2094 ’
150 2078 205 2135 set,
214 2069 399 2146 dixissetque
411 2091 442 2130 se
453 2089 571 2145 semper
578 2072 726 2128 bonorum
739 2068 886 2127 fenameu

147 2156 248 2206 torum
263 2151 429 2209 studiosum
448 2147 548 2217 luisse,
556 2148 687 2207 recitatis
701 2147 813 2206 lutens
821 2147 885 2206 deb1

148 2225 246 2285 litatus
270 2238 358 2302 atque
371 2229 528 2306 abjectus,
529 2227 711 2286 conscientiis
735 2226 911 2294 convictus,

148 2303 268 2378 repenti
280 2307 430 2398 conticuit
478 2310 666 2370 Introductus
680 2305 817 2364 Statilius
828 2326 885 2380 cog·

148 2383 231 2447 novit
244 2397 273 2444 et
288 2385 409 2478 signum
427 2398 456 2446 et
478 2403 602 2446 manum
623 2404 719 2444 suom.
754 2385 884 2444 Recitata

143 2475 221 2525 ,sunt
232 2466 367 2528 tabellae
361 2469 526 2526 ineundam
540 2464 602 2522 fere
615 2464 795 2522 sententiam
808 2483 816 2518 ι
830 2482 886 2520 con·

150 2541 245 2602 sessus
257 2555 310 2602 est
332 2543 415 2602 Tum
425 2544 539 2602 ostendi
553 2546 673 2602 tabellas
691 2546 843 2602 Lentulo·
862 2554 884 2599 et

149 2621 274 2694 quaesivi
287 2634 519 2697 cognosceretne
533 2624 664 2697 signum.
698 2622 824 2682 Annuit
839 2623 883 2680 Est

148 2699 228 2767 verb,
240 2697 369 2776 inquam,
382 2711 488 2758 uotum
489 2702 629 2793 ‘quidem
652 2701 784 2778 siguum,
796 2701 881 2788 imago

148 2776 193 2831 avi
206 2777 259 2850 tui,
272 2761 428 2837 clarissimi
441 2779 508 2848 viri,
521 2781 573 2857 qui
585 2780 696 2839 amavit
709 2777 797 2838 unice
805 2779 880 2854 patri·
