1875 3267
95 409 266 477 apparatum
275 401 540 477 oppugnandarum
550 397 672 454 urbium
681 395 781 454 muris
795 395 844 452 sd—

93 489 257 538 moverunt.

134 557 174 616 Et
184 560 334 616 habuisset
344 565 426 614 tanto
445 557 559 631 impetu
574 567 670 630 coepta
682 572 733 614 res
751 553 843 614 fortu-

95 653 174 706 nam,
186 637 243 694 nisi
256 655 333 695 unus
346 640 436 696 homo
450 635 606 710 Syracusis
618 638 653 691 esi
664 643 845 710 tempestate

95 713 206 774 fuisset.
237 717 432 774 Archimedes
445 714 471 772 is
484 724 564 783 erat;
578 713 685 770 unicus
697 723 846 789 spectator

97 797 165 852 coeli
179 795 384 868 siderumque:
406 793 568 850 mirabilior
587 803 686 849 tamen
708 790 846 851 inventor

97 891 131 930 ao
144 874 325 932 machinator
337 872 512 930 bellicorum
525 883 753 939 tormentorum,
774 889 844 946 ope·

97 969 234 1027 rumque,
247 952 352 1027 quibus
365 971 401 1008 ea
421 969 488 1025 quae
509 953 608 1008 hostes
627 951 744 1026 ingenti
762 953 844 1009 mole

98 1045 230 1106 agerent,
250 1032 313 1106 ipse
334 1028 445 1104 perlevi
459 1040 612 1089 momento
631 1026 843 1089 ludificaretur.

100 1110 226 1169 Murum
250 1129 305 1185 per
317 1109 477 1184 inaequales
498 1111 622 1166 ductum
644 1110 745 1177 colles,
766 1109 844 1185 {ple-

99 1186 844 1264 raquealtaetdifficiliaaditu,summissaquoedam‚

100 1278 130 1326 et
143 1287 209 1341 quae
221 1267 316 1342 planis
329 1270 448 1324 vallibus
462 1267 535 1324 adiri
545 1266 677 1343 possent)
685 1279 721 1324 ut
732 1267 845 1342 cuique

100 1358 202 1420 aptum
212 1345 309 1403 visum
318 1357 362 1403 est
372 1350 444 1411 loco,
455 1348 496 1404 itt
507 1344 587 1403 omni
598 1364 706 1422 genere
716 1357 845 1403 tormen·

59 1435 60 1440 ’
100 1435 197 1482 torum
210 1423 356 1482 instruxit.
397 1425 575 1501 Achradinae
596 1442 727 1492 murum,
747 1424 799 1499 qui
813 1437 847 1483 ut

36 1537 38 1542 ·
76 1538 78 1543 ·
100 1503 292 1561 antedictum
313 1515 366 1570 est,
381 1504 456 1561 mari
469 1505 597 1570 alluitur,
609 1523 648 1560 ex
669 1503 846 1578 quinquere-

101 1583 198 1642 mibus
212 1583 373 1640 Marcellus
386 1585 581 1659 oppugnabat.
602 1581 651 1638 Ex
663 1583 784 1639 caeteris
796 1601 847 1639 na·

102 1661 186 1720 ribus
199 1661 339 1739 sagittarii
352 1662 581 1736 funditoresque,
591 1672 620 1719 et
630 1661 734 1718 velites
746 1661 847 1731 etiam,

103 1759 233 1816 quorum
252 1743 347 1799 telum
367 1742 492 1799 inhabile
507 1740 542 1797 ad
563 1740 777 1797 remittendum
790 1740 850 1796 im·

103 1822 205 1894 peritis
218 1831 273 1888 est,
287 1820 335 1877 vix
345 1838 523 1896 quemquam
534 1821 726 1896 siuc'vulnere
737 1819 848 1876 consis·

103 1909 167 1956 tere
177 1900 207 1957 in
214 1917 306 1956 muro
319 1902 509 1973 patiebantur.
531 1897 582 1965 Hi,
592 1899 660 1972 quia
670 1898 765 1971 spatio
778 1896 849 1955 mis·

104 1978 204 2034 silibus
217 1996 290 2050 opus
304 1990 355 2034 est.
378 1981 479 2052 procul
493 1994 581 2034 muro
599 1977 735 2034 tenebant
747 1993 849 2034 naues.

105 2055 219 2114 Junctae
239 2055 303 2114 alltc
317 2057 392 2114 binae
407 2060 442 2115 ad
457 2058 702 2123 'sniumei-emes.
718 2055 848 2129 demptis

105 2133 289 2192 interioribus
298 2137 397 2204 remis,
411 2147 443 2193 ut
453 2139 530 2202 latus
540 2133 623 2191 lateri
633 2134 848 2212 applicaretur:

105 2210 199 2288 quum
214 2214 360 2272 exteriore
380 2217 481 2274 ordine
495 2231 646 2271 remorum
665 2214 747 2270 uelut
758 2231 849 2270 naves

107 2303 273 2367 agerentur,
292 2304 388 2352 turres
401 2297 607 2362 contabulatas,
627 2294 847 2354 machinamen-

107 2381 193 2444 taque
207 2373 262 2428 alia
275 2374 437 2446 quatiendis
448 2376 544 2431 muris
553 2375 712 2448 portabant.
733 2373 849 2430 Adver-

108 2447 159 2504 sus
169 2451 248 2509 hunc
260 2455 391 2510 navalem
405 2466 579 2528 apparatum
593 2451 789 2516 Archimedes
802 2468 850 2508 va·

108 2527 160 2585 riae
176 2531 383 2605 magnitudinis
396 2544 542 2595 tormenta
551 2532 581 2589 in
592 2531 687 2590 muris
696 2529 847 2604 disposuit.
918 2600 920 2605 Ι

109 2607 145 2664 ln
159 2627 207 2666 eas
227 2627 294 2684 quae
316 2613 417 2683 procul
437 2623 628 2668 erantnaves
645 2607 849 2684 saxa-ingenti
918 2614 920 2675 ξ

109 2690 235 2760 pondere
249 2686 406 2757 emittebat,
419 2689 571 2766 propiores
584 2685 848 2761 levioribus‚e‹ique

109 2767 205 2844 magis
218 2767 327 2828 crebris
348 2771 463 2840 petebat
482 2768 565 2826 telis:
586 2769 737 2848 postremo
755 2771 789 2829 'ut
802 2769 853 2839 sui
