1875 3267
462 216 524 273 334

126 371 177 421 aut
190 377 247 418 aere
262 360 363 431 alieno,
384 372 435 420 aut
454 362 657 440 magnitudine
676 363 867 432 tributorum,

127 451 176 496 aut
198 443 307 514 injurie
330 441 528 513 potentiorum
546 451 729 512 premuntur,
751 461 820 499 sese
840 442 866 496 in

127 517 299 574 servitutem
328 520 422 576 dicant
442 520 605 588 nobilibus;
635 519 667 576 in
688 523 744 576 hos
767 521 867 577 eadem

125 596 223 652 omnia
234 608 301 653 sunt
313 598 388 674 jura,
402 615 467 672 quae
482 598 610 655 dominis
623 599 653 657 in
666 617 780 656 servos,
815 599 869 653 Sed

124 676 161 731 de
184 675 230 731 his
251 677 362 733 duobus
384 674 540 752 generibus
562 679 689 734 aiterum
712 688 760 733 est
794 675 869 730 Dru·

124 753 219 821 idum,
242 755 367 811 alterurn
394 753 548 829 Equitum.
589 755 635 812 Ilii
657 757 748 812 rebus
769 753 869 811 divinis

125 831 281 899 intersunt,
307 832 447 890 sacrificia
472 832 590 907 publica
615 853 650 890 ac
670 834 786 907 privata
808 848 890 906 pro-⁸

125 922 239 978 curant,
274 910 429 986 religiones
462 909 712 985 interpretanturz
748 913 786 969 ad
820 913 867 967 hos

124 1007 252 1064 magnus
279 989 510 1047 adolescentium
536 1007 682 1047 numerus
706 989 866 1066 discipline

125 1072 215 1124 causi
247 1069 417 1137 concurrit;
447 1086 616 1144 magnoque
643 1067 666 1124 ii
693 1079 765 1126 sunt
794 1069 866 1141 apud

125 1164 175 1203 eos
208 1147 328 1204 honore.
375 1149 453 1204 Nam
479 1145 541 1204 fere
574 1149 611 1204 de
636 1146 779 1206 omnibus
806 1164 866 1201 con·

124 1224 286 1298 troversiis,v
296 1223 420 1298 publicis
435 1225 624 1300 privatisque,
637 1225 832 1291 constituunt,
843 1235 866 1280 et

126 1303 151 1358 si
165 1305 244 1376 quod
256 1312 301 1360 est
314 1303 476 1361 admissum
494 1302 617 1373 facinus,
635 1305 660 1360 si
673 1305 775 1362 caedes
788 1302 865 1370 facta,

125 1380 149 1436 si
168 1382 203 1438 de
216 1380 395 1450 haereditate,
420 1384 456 1439 de
476 1381 582 1438 finibus
606 1380 809 1440 controversia
819 1392 866 1448 est,

122 1457 213 1516 iidem
226 1461 388 1517 decernunt
398 1481 407 1529 ;
420 1460 547 1536 proemia
558 1455 722 1535 poenasque'
732 1460 866 1518 constitu·

125 1548 195 1594 unt:
217 1537 242 1594 si
255 1537 320 1614 quis
333 1547 384 1594 aut
396 1539 531 1614 privatus
553 1549 603 1596 aut
616 1537 754 1613 publicus
766 1557 865 1596 eorum

124 1617 242 1674 decreto
255 1635 313 1673 non
328 1617 416 1686 stetit,
430 1616 580 1676 sacrificiis
593 1617 782 1675 interdicunt.
796 1620 865 1675 Haec

125 1712 213 1770 poena
225 1698 301 1770 apud
311 1714 361 1752 eos
371 1706 416 1753 est
429 1695 612 1772 gravissima.
645 1697 766 1768 Quibus
774 1695 816 1752 ite
828 1710 864 1751 est

125 1776 323 1843 interdictum,
335 1774 357 1831 ii
376 1793 502 1833 numero
514 1773 678 1848 impiorum
700 1794 736 1832 ac
750 1777 864 1832 scelera·

125 1863 225 1910 torum
247 1856 401 1924 habentur,
421 1854 457 1910 iis
474 1871 577 1910 omnes
590 1853 748 1923 decedunt,
760 1854 864 1910 aditum

126 1949 230 1988 eorum
253 1949 479 2006 sermonemque
502 1931 666 2005 defugiunt,
686 1950 724 1989 ne
746 1931 817 2006 quid
834 1950 864 1986 ex

126 2010 299 2084 contagione
321 2010 501 2068 incommodi
522 2009 687 2082 accipiant3
715 2008 814 2085 nequ&
835 2009 865 2065 iis

125 2089 290 2161 petentibus
314 2087 365 2164 jus
389 2087 530 2156 redditur',
552 2107 649 2162 neque
675 2090 770 2146 honos
792 2089 864 2145 ullus

126 2166 374 2223 communicatur.
414 2167 471 2224 His
484 2177 583 2223 autem
597 2167 736 2224 omnibus
753 2165 864 2224 Druidi·

125 2246 181 2299 bus
193 2253 303 2318 praeest
316 2261 402 2314 unus,
413 2245 462 2319 qui
475 2263 626 2302 summam
639 2244 777 2302 intereos
786 2246 865 2301 habet

126 2322 338 2396 auctoritatem.
360 2325 426 2380 Hoc
438 2334 565 2391 mortu0,
580 2323 604 2379 si
617 2323 685 2397 quis
698 2341 741 2380 ex*
749 2321 864 2396 reliquis

126 2403 251 2458 exceliat
263 2399 412 2475 dignitate,
424 2400 561 2458 succedit.
583 2404 634 2471 At,
647 2401 672 2458 si
689 2411 757 2459 sunt
770 2403 863 2473 piures

126 2495 221 2550 pares,
234 2479 375 2553 suffragio
386 2479 534 2536 Druidum
548 2481 692 2557 adlegitur
704 2502 713 2548 ;
726 2495 863 2537 nonnum-

127 2557 215 2629 qniin
231 2558 319 2615 etium
340 2558 375 2613 de
388 2557 552 2630 principatu
572 2557 664 2617 armis
681 2559 860 2616 contendunt
