1875 3267
447 259 515 315 266

114 406 177 461 fusa
189 399 254 460 inde
269 400 425 459 multitudo
439 405 642 481 Hispanorum
655 410 686 458 et
699 401 767 460 ante
779 400 852 462 dedi·

113 495 221 549 torum,
235 491 265 538 et
273 479 364 552 pridie
373 494 537 556 captorum,
546 499 651 555 regem
662 499 734 538 eum
743 481 852 558 ,ingenti
872 532 875 538 .

112 577 255 618 consensu
269 561 428 632 appellavit.
464 557 547 616 Tum
561 559 667 631 Scipio,
678 558 792 616 silentio
804 579 851 633 per

113 655 282 710 praeconem
296 637 379 702 facto,
393 637 447 694 sibi
462 638 629 694 maximum
642 655 754 694 nomen
768 638 855 712 impe·

114 718 218 774 sutoris
231 737 295 774 esse
309 715 391 780 dixit,
406 735 463 789 quo
484 736 517 772 se
538 715 645 772 milites
659 716 707 771 sui
721 718 855 790 appellus-

115 807 188 851 sent.
230 796 358 870 Regium
372 812 478 851 nomen
503 794 570 850 alibi
584 812 742 870 magnum,
757 797 854 858 Romae

115 874 292 931 intolerabile
307 890 379 928 esse.
422 874 564 948 Regalem
579 872 710 928 animum
727 873 759 928 in
773 893 803 929 se
816 893 854 935 es

115 972 147 1010 se
163 974 170 1019 ;
193 953 217 1009 si
231 952 259 1008 id
273 954 303 1008 in
317 949 442 1006 hominis
455 951 573 1024 ingenio
584 950 803 1024 amplissimum
810 952 856 1008 du-

116 1042 225 1095 cerent,
244 1029 329 1086 tacite
358 1028 544 1104 judicarent;
566 1029 644 1086 vocis
671 1029 855 1103 usurpatione

116 1111 301 1166 abstinerent.
335 1110 458 1164 Sensire
480 1110 571 1164 etiam
591 1105 705 1164 barbari
718 1107 857 1182 maguitu-

117 1190 215 1244 dinem
228 1184 328 1250 animi,
342 1188 430 1261 cujus
438 1185 580 1243 miraculo
592 1185 717 1242 nominis
727 1187 777 1242 alii
788 1205 858 1242 mor·

115 1269 188 1321 tales
203 1276 361 1336 stuperent,
382 1265 411 1319 id
434 1283 470 1322 ex
487 1277 545 1320 tam
560 1266 617 1320 alto
637 1263 753 1339 fastigio
766 1282 857 1337 asper·

117 1345 221 1399 nantis.
235 1341 319 1398 Dona
333 1342 399 1398 inde
413 1342 525 1417 regulis
538 1342 781 1415 principibusque
796 1343 857 1399 His·

117 1438 258 1493 panorum
271 1420 374 1485 divisa,
388 1431 416 1476 et
429 1440 466 1476 ex
481 1423 589 1496 magnit
610 1420 693 1491 eopii
707 1430 858 1493 captorum

117 1517 259 1572 equorum
275 1509 429 1566 trecentos,
450 1496 524 1574 (quos
549 1501 645 1562 vellet,
664 1497 778 1572 eligere
791 1498 858 1556 indi·

117 1579 205 1634 bilem
219 1576 318 1652 jussit.
339 1577 442 1646 Quum
457 1576 546 1635 Afros
560 1578 697 1633 venderet
706 1577 795 1652 jussu
808 1577 860 1634 itu·

117 1655 259 1729 peratoris
274 1667 411 1728 quaestor,
425 1675 552 1729 puerum
573 1657 707 1712 adultum
724 1657 860 1728 intereos

119 1738 193 1793 form
199 1734 214 1790 -l
229 1733 344 1806 insigni,
357 1732 448 1808 qtuim
464 1733 591 1791 audisset
600 1733 674 1806 regii
688 1736 809 1810 generis
821 1755 861 1791 es·

120 1835 160 1879 se,
174 1814 208 1869 ad
222 1811 389 1885 Scipionem
403 1813 491 1868 misit.
506 1811 604 1880 Quem
618 1809 709 1885 qutim
723 1830 861 1885 perenne·

120 1903 229 1948 taretur
242 1891 348 1962 Scipio,
363 1891 437 1962 quis,
458 1903 486 1946 et
506 1889 597 1964 cujas,
611 1902 639 1946 et
660 1908 714 1945 cur
727 1892 757 1947 id
774 1893 862 1948 aetatis

121 1970 151 2024 in
166 1969 269 2024 castris
290 1969 409 2035 fuisset;
433 1968 593 2024 Numidam
607 1987 681 2033 esse,
695 1970 744 2035 ait,
759 1971 864 2027 Massi·

117 2065 187 2115 'vam
204 2049 356 2119 populares
372 2065 480 2102 vocare.
503 2045 648 2104 Orbum-ei
659 2058 742 2118 patre
756 2046 863 2104 factum

122 2125 198 2197 apud
224 2136 387 2181 maternum
414 2143 500 2180 avum
522 2124 628 2181 Galam
641 2142 747 2198 regem
761 2127 865 2182 Numi·

122 2205 225 2257 darum
241 2205 414 2260 educatum:
436 2221 504 2258 cum
526 2205 671 2260 avunculo
697 2203 865 2269 Masinissi,

122 2279 172 2352 qni
185 2297 280 2352 nuper
290 2299 359 2337 cum
370 2281 499 2355 equitatu
509 2282 636 2337 subsidio
644 2282 866 2356 Carthaginien·

124 2357 204 2414 sibus
217 2359 351 2425 venisset,
374 2359 401 2415 in
424 2360 597 2432 Hispaniam
618 2358 778 2433 trajecisse.
800 2363 867 2417 Pro·

124 2436 255 2492 habitum
278 2449 397 2509 propter
418 2449 533 2492 aetatem
559 2436 577 2492 ai
598 2437 769 2506 Masinissi,
784 2457 867 2496 num-

123 2513 212 2591 qulm
227 2513 291 2570 ante
305 2516 439 2587 praelium
454 2515 561 2572 iniisse.
598 2517 646 2589 ¹Eo
655 2515 710 2584 die,
725 2535 787 2590 quo
797 2536 867 2595 pug-

124 2603 225 2650 natum
251 2611 322 2648 cum
345 2592 484 2649 Romanis
506 2605 591 2662 esset,
605 2593 696 2650 inscio
715 2603 868 2663 anmculn

126 2676 201 2728 elain
216 2671 306 2727 armis
321 2689 452 2744 equoque
467 2684 594 2744 sumpto,
607 2672 637 2727 in
648 2674 744 2730 aciem
754 2677 868 2736 exisse:

125 2747 163 2803 ibi
177 2751 310 2820 prolapso
323 2767 399 2820 equo
409 2749 538 2804 effusum
552 2751 580 2804 in
594 2768 738 2824 praeceps,
751 2765 869 2825 eaptum
