1875 3267
388 232 446 288 141

33 389 140 449 erant,
153 387 186 437 et
197 377 248 435 vix
265 377 406 438 adversus
418 393 514 434 unum
532 377 697 436 exercitum
717 392 794 454 pug-

33 477 116 515 nam
141 457 342 516 sustinebant:
361 453 429 514 tdm
450 454 468 512 d
481 455 637 525 Quintiano
648 454 794 525 exercitu,

35 536 96 608 qui
107 535 267 594 confestim
281 533 298 593 d
310 533 443 610 perfecto
450 548 541 608 opere
554 535 590 590 ad
606 551 686 591 arma
695 531 793 601 rediit,
810 560 817 569 ·

34 613 194 670 invaditur
202 615 322 683 vallum,
335 609 384 670 hic
398 611 523 670 instabat
535 629 610 669 nova
622 629 737 687 pugna:
750 610 794 668 ni'·

36 689 86 748 hil
95 689 258 749 remiserat
268 691 359 764 pn'or.
378 689 458 749 Tum
468 690 589 762 ancipiti
597 691 676 747 malo
685 705 793 766 urgen-

36 767 105 826 ted
118 770 222 844 prelio
233 771 270 827 ad
289 787 394 844 preces
413 769 500 837 versi,
516 765 586 826 hinc
602 768 794 836 Dictaturam,

37 843 116 904 hinc
126 849 293 906 Consulem
302 865 435 916 orare,ne
442 849 474 905 ln
483 846 635 906 occidione
643 845 795 904 victoriam

37 937 201 999 ponerent,
222 936 256 985 ut
274 925 405 1000 inermes
424 945 455 983 se
470 923 538 982 iudd
557 924 637 983 abire
658 922 793 982 sinerent.

39 1005 96 1062 Ab
109 1006 242 1062 Consule
256 1005 292 1062 ad
304 1005 489 1062 Dictaturam
501 1002 545 1063 ire
555 1003 657 1080 jussis,
669 1001 796 1076 ignomi·

40 1082 132 1138 niam
152 1082 285 1140 infensus
300 1081 410 1140 addidit
462 1083 636 1139 Gracchum
656 1077 797 1140 Cloeliuin

40 1161 168 1229 ducem,
180 1159 388 1237 principesque
398 1161 479 1232 alios,
485 1161 597 1218 vinctos
605 1159 643 1218 ad
651 1154 798 1217 seadduci

40 1237 141 1316 jubet,
153 1239 264 1314 oppido
284 1240 429 1297 Corbione
445 1238 567 1309 decedi;
588 1235 747 1314 Sanguinis
765 1252 798 1294 se

45 1320 216 1391 AEquorum
229 1333 287 1374 non
301 1335 408 1393 egere:
428 1318 518 1377 licere
531 1317 624 1376 abire:
638 1316 691 1374 sed
703 1324 738 1371 ut
744 1321 799 1371 ex·

40 1387 194 1469 primatui·
217 1396 337 1453 tandem
354 1393 510 1467 confessio,
521 1398 686 1462 subactam,
701 1389 797 1452 domi·

43 1483 169 1547 tamque
193 1490 257 1530 esse
279 1483 410 1550 gentem,
437 1477 492 1532 sub
519 1474 628 1554 jugum
657 1472 794 1530 abiturus.

45 1549 161 1608 Tribus
180 1550 270 1609 hastis
291 1551 399 1628 jugum
411 1552 464 1624 fit;
478 1552 565 1610 humi
586 1550 655 1613 lixis
674 1552 796 1618 duabus,

47 1645 201 1702 superque
210 1647 259 1688 eas
267 1633 433 1688 transversi
444 1633 506 1688 unit
520 1631 659 1708 deligati,
672 1630 726 1686 sub
738 1631 795 1688 hoc

45 1709 124 1787 jugo
136 1707 270 1767 Dictator
281 1707 396 1783 AEquos
407 1709 497 1766 misit.

91 1783 203 1842 Castris
215 1785 345 1844 hostium
355 1785 492 1861 receptis,
504 1786 600 1862 plenis
607 1783 743 1843 omnium
751 1801 797 1842 re·

50 1882 121 1924 rum
133 1861 239 1941 (nudos
265 1865 346 1924 enim
359 1863 512 1941 emiserat)
530 1866 665 1940 praedam
676 1880 798 1927 omnem

51 1939 232 2002 suntantdm
250 1943 337 2000 militi
355 1943 452 2001 dedit:
481 1945 666 2002 consularem
684 1942 798 2000 exerci-

51 2031 128 2090 tum,
138 2018 301 2096 ipsumque
310 2023 470 2082 Consulem
480 2021 651 2096 increpans:
665 2020 797 2090 Carebis,

53 2099 154 2173 inquit,
175 2101 285 2174 praedae
307 2109 400 2176 parte,
424 2098 521 2170 utiles,
544 2119 583 2158 ex
594 2119 630 2158 eo
642 2098 735 2170 hoste,
747 2098 797 2158 eui

53 2174 144 2252 prope
157 2179 265 2252 praedae
280 2176 360 2236 fuisti
370 2200 378 2247 ;
401 2187 431 2239 et
450 2188 484 2236 tu
502 2181 539 2238 L.
559 2177 688 2248 Minuci,
701 2179 796 2242 douec

55 2256 236 2312 consularem
256 2256 390 2316 animum
411 2256 538 2332 incipias
550 2259 668 2327 habere,
682 2259 795 2334 legatus

55 2332 103 2390 his
113 2332 273 2408 legionibus
286 2337 418 2407 praeeris.
440 2338 485 2393 lta
507 2355 539 2394 se
552 2334 706 2395 Minucius
719 2335 796 2393 abdi·

56 2419 102 2468 cat
114 2412 273 2482 consulatu,
280 2411 439 2490 jussusque
452 2413 489 2472 ad
502 2414 671 2472 exercitum
687 2425 796 2472 manet.

57 2489 114 2550 Sed
126 2487 196 2546 aded
209 2487 275 2546 tum
294 2489 421 2566 imperio
445 2491 563 2549 meliori
585 2492 701 2550 animus
714 2509 796 2550 man·

56 2564 135 2626 sueti
147 2566 285 2624 obediens
298 2579 368 2639 erat,
381 2581 416 2626 ut
426 2569 562 2628 beneficii
584 2571 692 2646 magis,
704 2567 796 2644 quam

56 2643 224 2722 ignominiae
237 2645 286 2702 hic
300 2647 447 2705 exercitus
467 2665 594 2716 memor,
614 2657 645 2704 et
657 2661 797 2706 coronam

58 2737 172 2785 auream
183 2722 330 2784 Dictatori
342 2726 448 2786 libram
460 2726 559 2808 pondo
571 2722 744 2792 decreverit,
766 2731 797 2780 et
