1875 3267
469 263 530 317 120

135 427 220 486 seges
232 406 317 464 larris
330 403 436 464 dicitur
445 405 534 464 fuisse
542 403 773 466 maturamessi.
786 406 889 480 Quem
918 394 920 459 1

134 486 230 560 campi
249 484 380 542 fructum
407 485 476 559 quia
496 483 669 560 religiosum
689 493 758 541 erat
779 503 889 542 consu·
918 490 920 591 1

133 584 227 632 mere,
240 565 387 622 desectam
401 581 469 621 cum
484 571 644 622 stramento
650 572 794 638 segetem
803 582 893 637 mag,

134 661 171 700 na
184 643 229 718 ris
243 644 396 700 hominum
416 643 507 700 simul
527 641 662 698 immissa
679 641 827 698 corbibus
847 640 888 697 fu·
918 636 920 727 ξ

134 725 204 779 dere
218 721 247 778 in
261 721 405 788 Tiberim,
417 720 500 777 tenui
511 719 653 776 fluentem
670 723 767 792 aqua,
779 730 816 778 ut
829 737 888 778 me·
918 732 920 795 j

135 801 190 857 diis
215 801 359 858 caloribus
379 801 460 855 solet.
482 801 544 855 lta
563 796 594 854 in
613 795 693 854 vadis
714 798 886 856 haesitantis
918 820 920 861 ;

134 877 274 935 frumenti
288 895 407 934 acervos
421 875 531 933 sedisse
544 875 632 933 illitos
645 874 727 933 limo.
750 877 886 933 Insulam

133 957 200 1013 inde
211 957 359 1030 paulatim,
372 965 401 1012 et
414 955 487 1023 aliis,
496 971 563 1028 quae
572 953 629 1010 fert
637 950 754 1010 temere.
762 953 884 1019 flumen,
918 996 920 1033 :

135 1034 240 1092 eodem
252 1033 382 1100 invectis,
403 1033 520 1090 factam.
543 1030 650 1090 Posted
666 1033 760 1090 credo
774 1034 884 1090 additas

136 1116 238 1181 moles,
258 1130 405 1187 manuque
426 1112 573 1188 adjutum,
593 1119 627 1169 ut
647 1108 715 1187 jam
747 1111 883 1168 eminens
918 1164 920 1167 .

135 1211 212 1260 area,
226 1193 310 1250 firma
317 1189 439 1264 templis
452 1209 570 1264 quoque
589 1208 623 1247 ac
638 1186 812 1264 porticibus
826 1209 883 1246 sus·
918 1212 920 1255 ,

135 1268 262 1326 timendis
282 1280 368 1326 esset.
408 1268 541 1342 Direptis
561 1265 645 1325 bonis
664 1285 787 1341 regum,
807 1269 881 1326 dam·

135 1347 195 1404 nati
202 1346 373 1420 proditores,
383 1358 594 1420 sumptumque
603 1344 795 1420 supplicium.
809 1349 880 1404 Con·

136 1423 265 1498 spectids
278 1423 323 1492 eo,
331 1423 408 1497 quod
418 1441 513 1497 poenae
523 1423 670 1497 capiendae
681 1423 880 1483 ministerium

134 1503 209 1577 patri
230 1502 265 1557 de
285 1501 382 1559 liberis
402 1505 569 1560 consulatus
588 1502 747 1578 imposuit:
778 1514 810 1562 et
836 1503 879 1578 qui

137 1591 282 1654 spectator
297 1590 358 1638 erat
371 1583 558 1642 amovendus.
571 1599 641 1639 eum
653 1581 752 1658 ipsum
768 1582 878 1640 fortuna

136 1671 305 1718 exactorem
320 1657 456 1734 supplicii
470 1660 559 1717 dedit.
582 1661 700 1717 Stabant
711 1659 837 1734 deligati
849 1661 878 1717 ad

44 1803 45 1810 ἵ
135 1740 236 1814 palum
249 1738 422 1798 nobilissimi
434 1738 567 1814 juvenes.
589 1739 648 1795 Sed
661 1736 679 1794 a
691 1737 824 1808 caeteris,
836 1759 877 1796 re·

135 1821 180 1875 lut
194 1821 228 1875 ab
237 1818 345 1894 ignotis
353 1817 505 1893 capitibus,
514 1817 642 1873 consulis
651 1816 734 1874 liberi
744 1819 877 1876 omniurn

136 1897 166 1952 in
181 1914 211 1952 se
226 1907 387 1953 averterant
402 1898 512 1963 oculoS,
520 1894 737 1968 miserebatque
750 1911 813 1952 non
826 1914 877 1976 po·
918 1932 920 1953 ι

136 1990 183 2029 nae
196 1975 293 2047 magis
308 1974 440 2032 homines
454 1973 545 2046 quam
559 1973 678 2030 sceleris
691 1991 752 2047 quo
761 1989 877 2048 poeuarn
918 1992 920 2003 ·

136 2048 236 2106 meriti
250 2061 365 2108 essent:
385 2052 459 2120 illos,
473 2072 508 2110 eo
528 2049 717 2126 potissimum
731 2070 821 2120 anno,
832 2072 878 2127 pa·

137 2128 224 2185 triam
237 2128 396 2198 liberatam,
411 2140 526 2203 patrem
538 2131 733 2198 liberatorem,
746 2135 877 2191 consula·

137 2215 201 2262 tum
221 2217 319 2264 ortum
338 2225 377 2266 ex
400 2209 488 2268 domo
507 2209 605 2277 lunia,
623 2217 732 2282 patres,
751 2211 876 2282 plebem,

136 2282 275 2358 quicquid
291 2286 420 2343 Deorum
442 2287 655 2360 hominumque
676 2287 876 2349 Romanorum

137 2371 232 2432 esset3
254 2363 403 2421 induxisse
418 2366 446 2421 in
461 2366 594 2423 animum
603 2376 637 2422 ut
650 2365 775 2437 superbo
789 2384 876 2437 quon·
918 2414 920 2421 .

116 2489 119 2497 .
137 2440 206 2506 dam
220 2442 292 2517 regi,
306 2452 369 2499 tum
381 2442 486 2501 infesto
506 2443 601 2501 exsuli
622 2445 786 2516 proderent.
802 2445 875 2501 Con·
918 2464 920 2519 j

138 2519 216 2576 sules
236 2519 266 2578 in
286 2521 385 2578 sedem
416 2526 586 2595 processere
607 2540 700 2589 suam,
720 2519 874 2596 missisque
918 2556 920 2569 ι

137 2597 254 2653 lictores
278 2599 313 2653 ad
342 2601 519 2656 sumendum
547 2597 727 2673 supplicium
751 2600 874 2657 nudatos
918 2586 920 2665 1

76 2741 77 2746 ¹
137 2673 229 2748 virgis
242 2675 367 2740 caedunt,
380 2674 537 2748 securique
545 2675 654 2732 feriunt
665 2697 673 2730 s
693 2671 788 2748 quum
799 2676 873 2733 inter
918 2674 920 2729 i

117 2765 122 2778 ·
141 2767 230 2808 omne
239 2760 357 2826 tempus
365 2761 448 2824 pater
460 2754 617 2836 vultusque
625 2762 654 2811 et
661 2771 694 2812 os
705 2753 783 2830 ejus,
792 2771 872 2828 speo-
918 2748 920 2803 ζ
