1875 3267
341 218 361 244 ,ι
452 191 514 248 286

148 334 217 390 Duo
234 335 304 390 clari
323 335 520 408 Imperatores
545 355 580 392 eo
592 354 670 406 anno
683 335 857 403 decessere,

110 413 243 478 Annibal,
260 413 289 468 P.
305 413 413 488 Scipio,
428 415 475 472 Ad
495 416 629 471 Prusiam
643 418 763 489 Regem
777 417 856 489 lega-

109 501 166 556 tus,
180 491 217 560 T,
229 491 365 563 Quintius
386 492 566 550 Flamininus
582 493 670 559 venit,
683 510 778 566 quern
793 511 856 548 sns-

110 579 228 640 pectum
245 571 393 638 Romanis,
406 581 435 626 et
445 582 582 642 receptus
595 581 659 642 post
670 570 778 644 fugam
796 575 856 628 An·

109 645 197 702 tiochi
213 649 346 716 Annibal,
367 658 396 704 et
409 649 519 705 bellum
529 648 669 705 adversus
685 650 855 705 Eumenem

108 727 366 790 motumfaciebat„
382 725 431 792 lbi,
440 745 493 784 seu
502 727 596 801 quiia
608 724 772 784 Flaminino
781 726 856 781 inter

109 813 217 862 aaetera
230 806 375 882 objectum
388 805 499 862 Prusiae
508 815 582 861 erat:
598 805 753 862 hominem
762 806 858 860 omui·

108 899 160 938 um
169 886 220 956 qui
228 886 355 940 viverent
363 883 587 940 infestissimum
598 886 706 972 populo
719 882 854 939 Romano

111 963 188 1032 apud
202 982 270 1020 eum
284 979 356 1032 esse,
369 960 419 1034 qui
433 962 536 1034 patriae
549 978 608 1016 suae
619 960 763 1032 primum,
774 959 855 1014 dein·

60 1081 63 1089 .
109 1037 144 1094 de
157 1039 295 1097 fractis
269 1059 296 1116 ej
300 1059 333 1097 us
346 1037 458 1112 opibus,
480 1037 626 1095 Antiocho
648 1038 725 1112 Regi
755 1045 854 1092 auctor

108 1117 176 1174 belli
190 1117 307 1176 adver
277 1137 327 1176 sus
335 1119 477 1192 populum
488 1118 658 1172 Romanum
666 1114 789 1182 fuisset;
803 1132 853 1171 seu

108 1197 178 1269 quia
191 1197 253 1270 ipse
279 1195 406 1262 Prusias,
433 1207 465 1250 ut
487 1193 700 1270 gratificaretur
711 1193 852 1267 praesenti

108 1273 272 1332 Flaminino
283 1273 492 1364 Romanisque,
501 1290 555 1346 per
563 1291 594 1327 se
604 1271 726 1328 necandi
736 1281 787 1328 aut
798 1280 853 1326 tta-

108 1353 233 1408 (lendi
208 1373 234 1428 ej
237 1371 272 1410 us
286 1353 315 1406 in
328 1362 520 1425 postestatem
534 1350 690 1408 eonsilium
717 1349 815 1422 cepit;
834 1369 851 1404 a

108 1430 203 1500 primo
227 1429 374 1502 colloquio
397 1429 562 1496 Flaminini,
576 1428 685 1484 milites
699 1426 849 1500 extemplti

44 1519 50 1530 ’
107 1509 143 1564 ad
156 1509 277 1565 domum
289 1507 439 1569 Annibalis
448 1509 665 1565 custodiendam
676 1505 763 1562 missi
776 1517 848 1562 sunt.

109 1587 232 1660 Semper
244 1589 331 1643 talem
346 1585 459 1642 exitum
473 1588 540 1643 vitae
554 1605 616 1643 suae
631 1584 758 1643 Annibal
771 1599 849 1655 pros·

108 1666 376 1737 peterat··animo;
412 1674 441 1720 et
462 1668 660 1722 Romanorum
686 1661 847 1736 inexpiable

109 1742 209 1801 odium
223 1744 252 1800 in
267 1763 298 1800 se
312 1759 443 1810 cernens,
457 1754 486 1799 et
503 1743 570 1799 fidei
593 1745 708 1816 Regum
722 1741 794 1796 nihil
809 1760 847 1797 aa·

107 1820 144 1876 ne
158 1823 292 1880 conlisus.
313 1820 509 1878 Prusiaeaerd
529 1821 675 1878 levitatem
696 1819 787 1875 etiam
802 1837 849 1874 ex-

108 1912 209 1973 pertus
221 1912 289 1957 erat
311 1899 466 1958 Flaminini
479 1918 594 1975 quosue
604 1901 762 1956 adventum
774 1899 849 1953 velut

108 1977 225 2034 fatalem
240 1980 292 2034 sibi
306 1981 465 2035 horruerat.
502 1981 548 2036 Ad
558 1977 656 2035 onmia
669 1979 756 2034 undi
752 1995 797 2031 ue
810 1975 848 2032 in·

108 2056 190 2122 festa,
205 2068 235 2112 ut
249 2057 303 2113 iter
312 2075 429 2130 semper
441 2054 557 2129 aliquod
565 2068 761 2130 praeparatum
771 2053 846 2128 fugae

109 2133 236 2202 liaberet,
251 2146 364 2207 septem
377 2137 474 2192 exitus
487 2135 503 2190 ὲ
523 2138 610 2192 domo
624 2135 750 2199 iecerat3
772 2145 800 2189 et
813 2151 847 2188 ex

108 2213 145 2269 iis
159 2215 301 2300 quosdam
314 2215 451 2302 occultos,
471 2233 508 2272 ne
525 2215 655 2271 custodia
677 2213 848 2284 sepirentur.

109 2291 167 2346 Sed
181 2309 269 2365 grave
287 2290 448 2380 imperium
470 2293 586 2365 Regum
600 2289 672 2347 nihil
685 2292 845 2376 inexplora-

108 2379 185 2438 tum,
211 2370 288 2442 quod
308 2366 475 2444 investigari
501 2372 608 2436 volunt,
630 2368 740 2426 efficit.
761 2365 847 2424 totius

109 2447 267 2503 circuitum
280 2445 406 2504 doniis
399 2446 439 2502 tta
461 2448 599 2503 custodiis
612 2446 761 2517 complexi
775 2456 846 2512 sunt,

110 2537 142 2582 ut
165 2543 252 2584 nemo
272 2521 338 2582 inde
363 2523 437 2581 elabi
458 2535 564 2598 posset.
587 2525 719 2591 Annibal,
741 2533 847 2597 postea·

110 2601 202 2674 quam
216 2611 260 2658 est
280 2604 448 2658 nuntiatum
472 2600 579 2658 milites
592 2603 701 2674 Regios
721 2602 751 2656 in
765 2599 845 2665 vesti·
876 2602 880 2606 ”

110 2679 273 2748 buloesse5
295 2679 415 2752 postico,
430 2680 508 2754 quod
534 2680 652 2740 derium
664 2677 795 2738 maxime
804 2687 844 2734 at·
911 2714 913 2770 ς
