1875 3267
429 273 578 352 aor'

104 395 261 490 'cmm
291 435 395 496 deinde
418 438 436 497 ὲ
454 441 597 502 militibus
618 443 774 503 adducitur
794 438 831 497 ad

74 521 153 566 eum
165 511 262 580 adulta
273 513 372 592 virg03
388 518 462 576 adeo
475 521 701 591 eximiaformt,
711 534 746 579 ut
757 516 830 596 quti-
864 577 868 582 .

74 599 212 660 cumque
234 590 396 666 incedebat,
409 601 599 658 ⁴converteret
611 601 744 658 omnium
758 615 831 661 ocu·

72 660 131 750 ios.
154 663 254 740 Scipio
262 687 472 746 percunctatus
478 679 603 752 patriam
616 690 808 754 parentesque
820 691 830 738 ἱ

73 752 157 797 mter
170 761 277 807 caetera
294 754 417 826 accepit,
428 755 605 831 desponsam
619 777 686 816 eam
703 757 830 832 principi

74 817 319 886 Celtiberorum¹
354 834 552 892 adolescenti:
577 836 695 896 Allucio
721 853 829 894 nomen

74 909 150 954 erat.
172 903 333 982 Extemplo
358 908 451 986 igitur
468 917 639 987 parentibus
663 931 828 988 sponsoque

74 975 114 1033 ab
126 978 216 1040 domo
225 985 334 1057 accitis,
344 988 438 1062 quum
446 991 566 1064 interim
575 993 829 1064 audiretdeperire

75 1071 150 1114 eum
164 1077 279 1134 sponsae
295 1083 416 1137 amore3
432 1069 481 1126 ubi
494 1070 627 1145 primum
641 1070 728 1138 venit,
741 1088 828 1126 accu·

73 1135 185 1194 ratiore
199 1145 430 1220 sermonequim
440 1162 575 1222 parentes
583 1146 745 1224 alloquitur.
755 1155 772 1222 ‘f
778 1149 796 1205 J
797 1166 830 1204 u-

74 1214 171 1303 veqis,
200 1218 304 1295 inquit,
327 1222 468 1300 juvenem
488 1233 622 1305 appello:
643 1227 705 1304 quo
730 1227 830 1287 minor

75 1301 115 1348 srt
127 1305 204 1352 mter
213 1315 269 1356 nos
281 1301 370 1377 hujus
383 1307 531 1365 sermonis
542 1307 728 1367 verecundia.
751 1308 828 1380 Ego,

73 1368 171 1444 quum
184 1393 291 1450 sponso
310 1389 361 1438 tua
382 1393 466 1458 capta
479 1383 497 1442 a
516 1384 657 1447 militibus
670 1385 777 1442 uostris
790 1385 827 1446 ad

53 1480 56 1486 ·
73 1465 125 1506 me
138 1452 227 1512 ducta
238 1464 326 1527 esset,
340 1460 531 1538 audiremque
544 1483 611 1522 eam
622 1465 675 1522 tibi
689 1465 772 1525 cordi
780 1483 827 1521 es-

75 1544 118 1595 se,
132 1538 162 1592 et
182 1530 276 1592 forma
298 1536 409 1597 faceret
429 1539 544 1604 fidemr
565 1543 635 1616 quia
646 1543 721 1617 ipse,
731 1543 756 1599 si
769 1540 828 1600 frui

73 1605 177 1666 liceret
190 1612 260 1669 ludo
279 1615 383 1687 aetatis,
393 1615 576 1692 (praesertim
589 1633 674 1678 recto
687 1624 719 1678 et
730 1620 827 1696 legiti-

73 1703 126 1742 mo
136 1688 251 1764 amore)
262 1701 292 1750 et
299 1711 357 1752 non
368 1697 536 1770 respublica
548 1696 682 1756 animum
690 1709 826 1755 nostrum

73 1779 258 1840 occupasset,
271 1772 387 1832 veniam
401 1773 476 1831 mihi
488 1775 551 1832 dari
562 1792 701 1849 sponsam
711 1775 826 1851 impen-

57 1843 60 1848 '
74 1839 139 1898 sitis
152 1849 261 1906 amanti
275 1853 396 1910 vellem:
418 1863 480 1921 tuo,
489 1853 717 1930 quuspossum,
731 1855 826 1911 amori

72 1918 165 1980 faveo.
194 1925 261 1984 Fuit
275 1945 382 2004 sponsa
394 1939 445 1990 tua
457 1931 546 2005 apud⁴>
559 1952 609 1991 me
628 1935 745 2000 eidem,
763 1935 826 2008 quit

49 2043 52 2048 .
73 2003 151 2073 apud
174 2021 291 2064 soceros
315 2019 383 2066 tuos
396 2020 591 2085 parentesque
605 2029 673 2070 suos
686 2029 827 2070 verecun·
922 2008 923 2011 ’

71 2077 140 2136 dia:
163 2093 277 2142 servata
288 2086 338 2143 tibi
353 2099 406 2156 est,
420 2098 453 2146 ut
465 2089 640 2155 inviolatum
653 2102 683 2148 et
700 2090 825 2166 dignum

73 2175 122 2214 me
136 2169 225 2234 teque
239 2162 300 2220 dari
313 2165 366 2222 tibi
379 2168 488 2226 donum
509 2180 617 2244 posset.
637 2171 725 2227 Hanc
749 2189 826 2228 mer·
922 2170 923 2201 ³

72 2238 177 2294 eedem
191 2257 280 2301 unam
295 2261 348 2316 pro
361 2264 396 2303 eo
406 2265 529 2304 munere
537 2249 670 2324 paciscor
680 2255 693 2316 ;*
710 2249 826 2307 amicus
922 2264 923 2327 ξ

17 2341 18 2346 1
72 2319 182 2388 populo
204 2321 339 2378 Romano
360 2323 420 2380 sis:
441 2337 472 2383 et
493 2322 590 2384 sime
603 2328 701 2384 virum
713 2329 826 2384 bonum
922 2338 923 2381 t

73 2393 171 2452 credis
182 2413 257 2465 esse,
272 2403 373 2474 quales
385 2413 501 2476 patrem
509 2415 708 2480 patruumque
720 2423 824 2464 meum
922 2426 923 2439 ¹

65 2608 67 2612 ’
83 2609 86 2614 “
109 2599 120 2628 ¹
140 2609 330 2664 Celtiberorum.
365 2610 424 2664 The
439 2615 622 2665 Calteberiaus
637 2632 682 2665 are
694 2632 711 2666 a
724 2617 823 2682 Peopie

71 2671 103 2722 of
112 2675 246 2749 Aprag'on,
258 2693 323 2726 near
334 2681 381 2729 the
392 2681 462 2730 river
475 2683 579 2741 Iberus,
591 2697 622 2732 οι·
632 2681 711 2731 Ebro.
745 2683 823 2746 They

71 2739 139 2790 have
150 2741 310 2794 therrname
328 2741 394 2795 from
413 2749 459 2797 the
479 2747 572 2796 Gallio
583 2748 664 2806 Celti,
688 2748 746 2799 who
769 2759 822 2799 set·

71 2805 130 2858 eled
141 2807 303 2862 themselves
315 2827 384 2878 upon
398 2815 431 2864 its
443 2812 535 2863 banks·
922 2820 923 2823 ’
