1875 3267
433 227 494 280 353

29 436 32 444 J
85 385 134 436 eo,
160 365 310 442 nequead
337 367 492 426 eonsilium
518 369 694 432 adhibendos
713 388 828 428 censeo

87 447 201 504 Cum''
184 465 219 504 ns
229 447 301 504 mihi
315 462 362 504 res
377 447 423 516 sit,
433 449 485 522 qui
495 441 678 520 eruptionem
688 451 828 523 probant3

23 535 38 592 j
87 543 217 598 quorum
228 524 257 580 in
271 521 391 582 consilio
401 527 534 585 omnium
546 529 676 583 restrum
685 545 830 584 consensu

27 667 53 672 ,Δ
86 601 219 674 pristinae
240 601 369 660 residere
394 603 511 660 virtutis
537 606 681 661 memoria
706 605 828 663 videtur.

85 681 191 738 Animi
204 691 250 737 est
270 680 325 738 ista
345 681 446 738 mollit
429 695 492 760 nes,
504 701 561 738 non
582 679 684 750 virtus,
697 683 830 759 inopiam

18 777 25 782 ’·
84 758 236 832 paulisper
248 759 391 816 senenou
408 778 503 832 posse.
526 760 587 830 Qui
600 779 633 816 se
648 761 825 819 ulromor
806 775 827 819 tr

27 857 29 861 ·
83 837 210 894 offerunt
223 835 337 894 facilius
359 839 556 912 reperiuntur,
576 857 666 912 quam
679 840 732 916 qui
746 843 826 897 dolo-

83 931 150 970 rem
164 915 307 996 patienter
320 915 420 973 ferant
442 920 543 990 Atque
557 936 613 991 ego
627 919 702 974 hanc
713 930 826 976 senten

82 992 157 1050 tiam
172 995 337 1066 probarem,
350 1013 418 1050 nam
433 997 509 1066 apud
522 1015 571 1052 me
586 994 718 1052 multum
732 996 827 1071 digni·

83 1080 129 1128 tas
140 1081 245 1144 potest,
254 1091 280 1128 sr
271 1073 412 1141 nullam,
422 1076 625 1163 praeterquam
634 1072 698 1129 vitae
709 1084 826 1143 nostrae,

20 1180 23 1181 ν
82 1146 229 1224 jacturam
249 1150 350 1207 fieri
333 1151 476 1208 riderem.
517 1152 603 1209 Sed
595 1170 625 1207 ιιι
641 1151 765 1208 concilio
779 1171 826 1209 ca·

18 1231 24 1262 Τ
83 1225 191 1300 prendo
198 1246 319 1286 omnem
333 1229 458 1286 Galliam
474 1247 677 1304 respiciamus,
686 1248 774 1306 quam
790 1235 826 1290 ad

82 1313 218 1364 nostrum
232 1305 377 1364 auxilium
389 1305 613 1366 concitavimus
635 1308 715 1379 Quid
729 1311 823 1366 homi·

26 1387 29 1390 ’
83 1401 158 1440 num
179 1383 310 1444 millibus
325 1404 405 1442 nxxx
420 1405 479 1444 uno
498 1387 619 1444 loeo't
578 1406 606 1442 m
608 1387 746 1455 talentis,
758 1405 824 1462 pro-

34 1465 36 1467 ’
84 1461 205 1536 pinquis
220 1464 506 1562 consanguineisque
526 1467 644 1532 nostris,
657 1466 823 1526 animi=f01e

82 1540 304 1606 existimarim
313 1541 430 1616 penein
440 1543 513 1616 ipsis
523 1545 611 1600 cadat
613 1545 711 1601 eribus
720 1547 823 1619 praelro

87 1620 238 1676 decertare
254 1617 415 1696 cogentur?
429 1620 519 1678 nolite
534 1623 587 1676 hos
599 1632 709 1678 nostro
715 1624 823 1682 auxilio

25 1731 27 1737 ·
82 1698 219 1769 spoliare,
241 1699 291 1773 qui
305 1711 368 1757 vest
370 1717 410 1756 rae
425 1701 524 1756 salutis
537 1701 626 1761 causa
647 1717 733 1759 suum
748 1701 823 1771 peri-

81 1779 185 1832 culum
196 1779 390 1854 neglexerint,
403 1795 458 1834 nec
474 1776 596 1834 stultitia
610 1796 644 1835 ac
657 1779 821 1838 lamentata

80 1856 189 1923 vestra,
198 1867 248 1912 aut
257 1855 437 1914 imbecillitat
426 1867 454 1912 te
465 1853 556 1913 animi
566 1873 684 1913 ornnem
695 1856 821 1912 Galliam

80 1943 265 2004 prosternere
274 1953 308 1991 ae
317 1946 466 2010 perpetuae
478 1933 606 1992 servituti
614 1932 754 1991 addicere
763 1937 822 2003 An,

82 2010 162 2084 quod
173 2014 209 2070 ad
218 2013 297 2070 diem
307 2031 364 2069 non
374 2031 462 2072 vener
464 2014 559 2082 int,de
573 2030 677 2073 eorum
685 2012 742 2070 fide
754 2031 822 2070 con-

19 2101 20 2106 ’
80 2089 245 2165 stantiaque
258 2089 368 2148 dubitat
370 2091 415 2148 is?
436 2092 507 2166 quid
521 2089 613 2182 ergo?
628 2093 798 2150 Romanos'
792 2112 820 2148 m

79 2167 266 2227 ulterioribus
276 2171 496 2236 munitionibus,
506 2185 597 2229 anrmt
607 2174 742 2228 necausa
751 2191 823 2247 quo

80 2245 150 2302 tidie
161 2263 293 2304 exerceri
286 2247 420 2339 'putatis?
432 2250 462 2306 si
470 2250 588 2311 illorum
598 2249 820 2307 nunciiseonfir-

79 2324 155 2380 mari
165 2342 223 2382 non
233 2328 362 2398 potestis,
372 2328 545 2386 ommaditu
556 2338 706 2402 praesept0,
715 2327 752 2384 iis
765 2328 821 2385 uti·

77 2421 154 2459 mim
145 2403 293 2469 testibus,
303 2423 533 2482 appropinquare
541 2425 644 2464 eorum
654 2409 821 2474 adventum,

78 2481 168 2568 cujus
188 2481 230 2538 rei
251 2482 357 2540 timore
379 2484 521 2550 exterriti,
541 2485 620 2542 diem
643 2494 820 2573 noctemque

78 2557 109 2614 in
124 2575 215 2630 opere
236 2573 396 2619 versantur.
437 2563 514 2632 Quid
533 2581 605 2635 ergo
625 2561 685 2617 mei
705 2561 820 2617 consilii

77 2637 143 2693 est?
168 2637 271 2718 faeere,
294 2642 370 2714 quod
384 2641 473 2698 nostri
492 2638 619 2714 majores
631 2642 828 2712 nequaquam

77 2709 424 2788 uarwueuocimbrorum
428 2715 817 2851 'leutqnumquefeeemnq

434 2813 456 2852 G
479 2814 500 2870 g
