1875 3267
129 437 322 505 muntmenta,
331 437 367 495 ad
375 445 537 512 praetorem
546 434 748 513 Saguntinum
757 438 803 507 (et
813 430 872 511 ipse

128 512 305 591 itajubebat)
317 528 363 573 est
373 517 529 573 deductus:
545 535 603 589 quo
590 513 710 590 qutirn
720 514 873 589 extemplo

125 610 390 653 concursusomms
398 612 515 670 generis
523 594 873 663 hommumessetfactus,

99 740 103 743 J
127 677 278 731 summota
291 679 391 732 cetera
411 672 609 737 multitudine
628 684 751 731 senatus
765 676 873 732 Alorco

126 752 213 808 datus
226 765 292 822 est3
314 755 399 831 cujus
412 752 478 809 talis
491 754 583 809 oratio
596 752 661 811 luit.

167 830 237 887 Si
213 833 286 889 ervis
305 842 401 889 vester
422 834 530 901 Alcon,
550 832 625 890 sicut
645 832 680 889 ad
703 848 813 906 pacem
827 846 875 903 pe·

126 902 247 967 tendam
260 914 296 969 ad
311 907 487 968 Annibalem
501 910 589 979 veuit,
603 912 642 967 ita
655 912 738 985 pacis
753 908 873 966 conditi·

126 1005 199 1045 ones
211 992 247 1047 ab
261 988 405 1049 Annibale
425 991 461 1047 ad
480 1008 533 1047 vos
553 989 712 1080 retulisset,
733 1004 872 1060 superna

127 1084 254 1125 canaam
268 1071 324 1127 hoc
338 1068 413 1125 mihi
426 1066 560 1125 flasset
552 1081 618 1138 tter,
630 1087 690 1144 quo
703 1085 762 1123 nec
776 1077 873 1123 orator

129 1148 296 1216 Annibalis,
314 1166 369 1205 nec
390 1144 544 1223 transfuga
572 1150 607 1205 ad
636 1166 690 1205 vos
714 1145 873 1220 venissem.

126 1223 232 1296 Quam
241 1228 299 1295 ille,
308 1228 461 1284 autrestra
469 1236 578 1284 autsua
587 1228 684 1298 culpa,
692 1223 872 1283 manserita·

126 1305 189 1378 pud
199 1306 325 1361 hostem:
337 1307 359 1361 si
367 1315 482 1361 metum
490 1304 649 1372 simulavit,
655 1307 725 1373 sua-3
735 1301 872 1369 vestram

126 1379 296 1453 periculum
305 1394 350 1440 est
357 1385 435 1455 apud
443 1401 494 1440 vos
504 1402 574 1441 vera
581 1383 793 1441 referentibus:
809 1400 872 1458 ego,

124 1476 164 1516 ne
186 1461 370 1536 ignoraretis,
382 1480 448 1519 esse
463 1461 576 1536 aliquas
590 1474 619 1520 et
633 1463 735 1519 salutis
748 1472 781 1517 et
794 1459 873 1535 pacis

126 1539 207 1595 vobis
222 1540 413 1610 conditiones,
436 1558 491 1615 pro
510 1552 624 1598 vetusto
637 1542 776 1613 hospitio,
797 1540 872 1612 quod

124 1618 200 1675 milti
223 1618 375 1679 vobiscum
395 1629 451 1688 est,
472 1621 508 1677 ad
528 1637 580 1676 vos
599 1619 676 1677 veni.
697 1620 811 1676 Vestrti
826 1634 874 1675 au·

123 1705 187 1754 tem
202 1717 290 1757 causa
307 1717 367 1763 me,
380 1717 436 1756 nec
449 1698 541 1755 ullius
554 1698 684 1767 alterius,
697 1698 793 1772 loqui,
805 1714 871 1793 quae

123 1774 232 1852 loquor
244 1780 321 1853 apud
335 1798 396 1846 vos,
415 1780 461 1834 vel
475 1794 511 1833 ea
523 1775 596 1833 fides
609 1778 654 1845 sit,
669 1776 759 1851 quod,
775 1773 873 1849 neque

123 1854 199 1914 dam
212 1858 435 1915 vestrisviribus
445 1852 783 1931 restitistismequedtlm
792 1852 874 1914 auxi·

114 1934 164 1999 *lia
177 1939 211 1992 ab
227 1938 367 1994 Romanis
380 1935 528 2011 sperastis·¹
539 1934 620 2007 pacis
640 1932 775 2009 unquam
796 1934 872 2008 apud

126 2031 180 2069 vos
193 2013 375 2073 mentionem
388 2014 454 2071 feci
496 2008 659 2087 Postq'uam
682 2031 739 2070 nec
760 2016 797 2070 ab
815 2014 873 2069 Ro·

125 2092 221 2147 manis
236 2095 317 2149 vobis
329 2095 390 2152 ulla
402 2107 470 2167 spes
485 2104 542 2182 est,
554 2110 609 2149 nec
620 2102 718 2149 'vestra
737 2091 802 2169 jam
824 2100 872 2149 aut

124 2188 207 2227 arura
221 2190 282 2239 vos,
294 2183 345 2229 aut
368 2172 478 2231 maenia
492 2171 561 2229 satis
580 2170 750 2239 defendant,
763 2188 871 2245 pacem

125 2246 871 2347 afferoadvosmagisnecessariam,quamquam

126 2326 213 2421 cujus
234 2327 276 2385 ita
295 2330 392 2403 aliqua
412 2346 480 2404 spes
494 2340 548 2397 est,
562 2328 586 2385 si
600 2347 667 2386 eam
677 2331 869 2418 quemadmof

125 2402 199 2462 dam
219 2419 253 2463 ut
272 2409 369 2465 victor
388 2408 444 2466 fert
465 2409 601 2475 Annibal,
616 2407 657 2465 sic
678 2424 730 2463 vos
750 2418 784 2463 ut
804 2406 871 2463 victi

59 2508 63 2513 ·
124 2484 265 2542 audiatis.
287 2487 313 2545 si
332 2506 391 2545 non
411 2488 452 2554 id,
464 2489 543 2563 quod
563 2484 718 2555 amittitur,
732 2484 763 2543 in
784 2487 871 2542 darno

124 2562 234 2650 (qutlm
263 2565 362 2624 omnia
389 2566 512 2624 victoris
540 2563 610 2657 sint)
640 2566 700 2633 sed,
725 2558 871 2653 quidquid

125 2639 307 2719 relinquitur,
327 2664 382 2720 pro
402 2664 526 2703 munere
542 2645 665 2703 habrturi
688 2642 768 2700 estis.
813 2640 870 2696 Ur

124 2723 194 2780 bem
208 2722 297 2792 vobis,
310 2744 398 2804 quam
416 2744 454 2781 ex
476 2727 586 2799 magnit
604 2722 665 2799 jam
686 2733 769 2794 parte
790 2720 869 2777 dira

124 2808 196 2871 tam,
209 2812 324 2878 captam
337 2799 399 2861 sere
420 2811 513 2863 totam
525 2804 623 2872 habet,
635 2799 758 2870 adimit3
780 2816 868 2876 agros
