1875 3267
456 275 498 334 66

115 424 218 485 elassis
245 424 358 497 Cypros
387 420 511 489 advenit,
530 419 693 489 eodemque
717 426 855 490 tempore

114 504 269 572 Cleander,
281 519 351 558 cum
364 497 473 575 graecis
483 496 623 554 militibus
636 494 665 549 in
680 494 792 551 Asiam
806 512 857 549 nu·

114 600 169 658 per
182 581 325 637 advectus.
364 581 493 635 Centum
506 585 535 632 et
553 591 629 644 npna
650 573 657 585 '
679 582 712 629 ta
734 572 856 629 navium

115 663 240 717 classem
262 656 361 713 induo
374 653 475 711 dividit
495 669 625 717 cornuae
655 668 759 708 aevum
774 652 857 723 Pyta·

117 754 213 813 goras,
224 752 277 791 rex
287 731 475 807 Cypriorum,
484 748 554 787 eum
564 728 856 794 Craterqmebatun

118 814 321 874 Alexandrum
330 809 478 866 indextro
489 804 708 882 quinqueremis
718 805 859 879 regiare-

118 892 213 949 hebat.
253 892 318 947 Nec
333 886 418 960 Tyrii
441 903 607 960 quanquam
628 887 757 959 elassem
773 884 859 939 habe·

119 973 197 1037 baut,
206 968 269 1027 ausi
283 966 383 1025 navale
393 964 467 1021 inire
477 973 635 1029 certamen,
643 962 787 1018 triremes
796 978 858 1017 om-

119 1066 172 1105 nes
186 1045 251 1104 ante
265 1046 328 1120 ipsa
337 1042 670 1116 moeniaopposuerunt;
687 1038 795 1113 quibus
806 1056 858 1095 rex

120 1127 250 1185 invectus
259 1134 320 1181 tres
332 1120 481 1179 demersit„

159 1204 280 1260 Postera
296 1200 352 1268 die,
365 1200 456 1256 classe
470 1198 506 1255 ad
515 1197 624 1254 moenia
637 1197 766 1263 admota,
776 1195 861 1251 undi-

122 1283 179 1354 q'ue
197 1278 350 1336 tormentis
371 1287 400 1333 et
411 1274 542 1334 maxime
555 1276 679 1332 arietum
693 1275 783 1347 pulsu
795 1292 863 1329 mu·

122 1375 171 1413 ros
182 1355 289 1428 quatit:
304 1373 377 1427 quos
391 1355 476 1428 Tyrii
489 1351 597 1428 raptim
610 1352 765 1409 obstructis
779 1351 865 1408 sartis

122 1432 294 1503 refecerunt,
312 1430 482 1487 interiorem
503 1450 619 1505 quoque
632 1448 764 1498 murum,
778 1442 822 1496 ut,
838 1428 864 1485 si

86 1558 87 1563 ,
121 1511 203 1583 prior
216 1506 372 1577 fefellisset,
380 1508 429 1565 illo
439 1528 470 1565 se
480 1520 641 1576 tuerentur,
650 1507 782 1581 undique
792 1507 866 1563 orsi.

124 1588 183 1644 Sed
192 1586 317 1661 undique
326 1587 370 1643 vis
379 1587 450 1643 mali
460 1589 599 1662 urgebat:
614 1582 710 1642 moles
719 1586 800 1643 intra
812 1585 867 1642 teli

122 1665 234 1742 jactum
248 1676 324 1723 erat:
348 1665 449 1723 classis
469 1665 578 1722 moenia
590 1662 785 1732 circumibat;
806 1674 869 1721 ter-

125 1744 213 1801 restri
233 1745 323 1805 simul
344 1744 494 1817 navalique
517 1744 597 1816 clade
618 1744 870 1800 obruebantur.—

124 1824 243 1898 Quippe
255 1822 338 1880 binas
349 1822 549 1897 quadriremes
559 1823 736 1878 Macedones
747 1821 826 1878 inter
835 1840 870 1877 se

123 1898 164 1959 it'd
175 1901 344 1977 junxerant,
364 1911 397 1957 ut
414 1917 512 1974 prorae
534 1902 725 1964 cohaererent‚
747 1917 870 1974 puppes

125 1980 285 2043 intervallo,
294 1974 551 2052 quantdmcapere
560 1976 870 2051 poterant,distarent;

126 2056 181 2111 hoc
195 2055 338 2128 puppium
360 2052 547 2112 intervallum
560 2056 692 2113 antennis
705 2057 872 2112 asseribus-

128 2150 184 2207 que
206 2132 306 2189 validis
325 2132 466 2207 deligatis
484 2129 632 2208 superque
653 2152 704 2190 eos
725 2135 871 2206 pontibus
923 2205 924 2208 Ἰ

128 2208 226 2267 stratis
239 2209 288 2280 qui
301 2210 425 2267 militem
447 2212 634 2278 sustinerent,
653 2212 871 2286 impleverant:

129 2286 172 2345 sic
187 2287 343 2345 instructas
355 2289 556 2359 quadriremes
563 2292 599 2346 ad
607 2291 711 2346 urbem
721 2292 869 2365 agebant;

166 2454 176 2483 ¹
196 2462 280 2524 Qapro.
315 2460 425 2525 Cyprus,
437 2477 486 2511 one
497 2461 529 2511 of
536 2463 582 2513 the
594 2470 713 2527 greatest
728 2464 831 2515 islands
843 2464 876 2515 of
920 2483 921 2512 r

107 2550 112 2555 ·
128 2526 175 2576 the
189 2525 410 2583 Mediterraneum
418 2529 530 2577 towards
542 2531 587 2577 the
600 2532 676 2578 south
686 2537 759 2579 coast
770 2530 804 2579 of
815 2534 841 2580 N
844 2551 870 2581 u-

129 2590 201 2641 tolio.
227 2590 256 2638 ln
267 2592 313 2640 the
324 2601 433 2641 western
445 2603 504 2656 part
515 2593 547 2641 of
553 2595 606 2649 this
618 2595 665 2643 iste
678 2597 754 2645 stood
765 2597 814 2646 the
826 2614 871 2646 ce·
921 2585 922 2596 ¹

130 2654 249 2705 lebrated
257 2658 311 2719 city
317 2654 349 2705 os
355 2658 466 2721 Paphos,
476 2660 629 2722 wherethey
639 2676 685 2723 say
694 2664 786 2711 Venus
795 2663 870 2712 land·

132 2720 176 2780 ed,
188 2720 263 2771 when
274 2720 332 2771 first
343 2720 445 2773 formed
455 2722 522 2773 from
534 2727 579 2774 the
592 2725 663 2775 froth
674 2725 706 2777 of
712 2727 758 2777 the
771 2744 827 2779 see.
