1875 3267
399 278 459 362 ιιι

51 429 102 476 tus
112 429 263 496 superante
271 422 464 493 mulutudrne,
474 425 509 480 ab
517 416 650 479 omnibus
660 416 733 475 loeis
742 427 790 468 ιιι

52 499 123 554 bem
145 498 322 574 aggreditur,
344 499 403 576 qud
422 501 521 559 minor
543 502 577 557 ab
599 489 789 555 cuniculum

52 575 189 649 gruentis
202 575 324 651 periculi
337 596 443 638 sensus
458 588 543 637 esset.
592 578 734 634 Veientes
743 568 789 658 ig·

51 655 127 723 nari,
140 674 171 714 se
183 652 245 732 jam
266 658 301 713 ab
323 658 387 716 suis
403 657 546 725 vatibus,
536 675 600 734 Jam
613 657 649 712 ab
660 647 789 711 externis

52 735 177 792 oraculis
189 733 349 806 proditos,
339 754 403 812 Jam
416 737 446 792 in
466 745 581 811 partem
601 733 710 805 praedae
724 745 787 786 suae

52 824 170 870 vocatos
183 813 274 881 Deos,
286 814 356 871 alios
370 813 443 871 votis
456 835 494 872 ex
507 816 579 872 urbe
592 830 646 869 sua
657 817 789 866 evocatos

51 889 185 948 hostiurn
197 893 317 964 templa,
330 911 475 968 novasque
490 894 574 949 sedes
588 897 790 975 spectaregse·

51 987 111 1042 que
125 969 264 1026 ultimum
279 970 362 1027 illum
376 971 455 1028 diem
476 988 583 1045 agere3
605 966 679 1025 nibil
691 961 791 1020 mimis

50 1047 203 1135 timentes,
214 1044 305 1120 quarn
315 1049 440 1106 subrutis
448 1050 581 1106 cuniculo
593 1044 740 1102 moenibus
747 1061 792 1099 ar-

52 1143 123 1182 cem
135 1123 196 1215 jam
210 1126 327 1198 plenam
340 1127 468 1184 hostium
481 1145 555 1195 esse,
574 1125 604 1181 in
623 1140 726 1181 muros
739 1138 793 1195 pro

52 1223 85 1260 se
94 1203 218 1278 quisque
227 1216 320 1261 armat
320 1225 329 1260 1
309 1204 531 1262 discurrunt
524 1245 531 1271 ,
553 1204 695 1260 mirantes
709 1200 792 1275 quid·

50 1298 122 1338 nam
133 1281 162 1338 id
176 1291 263 1349 esset,
275 1273 361 1355 qudd
360 1302 455 1372 quum
465 1293 508 1340 tot
517 1301 571 1357 per
583 1280 648 1339 dies
659 1297 748 1335 nemo
759 1290 792 1346 st}

51 1361 87 1416 ab
101 1358 269 1416 stationibus
291 1360 434 1419 Romanis
453 1361 604 1428 movisset,
624 1357 689 1415 uim
709 1359 792 1414 velut

51 1435 203 1512 repentino
222 1437 273 1494 icti
294 1439 392 1497 lurore
411 1439 567 1514 improvidi
587 1445 741 1496 currerent
753 1436 790 1491 ad

50 1533 164 1572 muros
211 1517 351 1574 Inseritur
371 1519 439 1575 huic
459 1521 524 1575 loco
543 1516 653 1575 fabula.
682 1513 790 1570 immo-

50 1595 129 1651 lante
143 1611 215 1668 rege
228 1591 410 1664 Veientium,
423 1614 527 1653 vocem
537 1593 686 1682 aruspicis·
693 1592 791 1647 dicen·

50 1672 103 1738 tis,
115 1671 167 1747 qui
176 1672 241 1748 ejus
250 1673 352 1731 hostiae
362 1683 431 1731 exta
442 1671 648 1746 prosecuisset,
662 1669 690 1726 ei
702 1668 791 1728 victo·

52 1750 130 1806 riam
144 1749 215 1817 dari,
228 1751 410 1809 exauditam'
403 1769 434 1807 ιιι
445 1751 592 1817 cuniculo,
599 1765 726 1805 movisse
734 1747 792 1803 Ro·
805 1797 810 1804 .

53 1846 159 1886 manos
172 1828 289 1894 milites,
302 1839 334 1888 ut
355 1831 495 1904 adaperto
507 1828 650 1884 cuniculo
659 1832 730 1882 exta
745 1841 791 1880 ra·

54 1917 166 1981 parent,
179 1918 209 1964 et
221 1908 257 1964 ad
269 1907 438 1966 dictatorem
452 1907 570 1965 ferrent.
599 1903 672 1962 Sed
664 1921 694 1961 ιιι
707 1904 792 1959 rebus

54 1995 116 2041 tam
129 1984 263 2076 antiquis,
277 1987 310 2054 si,
321 2003 387 2062 quae
398 1984 506 2042 similia
518 1984 580 2040 veri
593 1992 731 2055 sunt,pro
744 1999 792 2037 ve-

55 2062 97 2118 ris
109 2063 312 2151 accipiantur,
339 2065 408 2122 satis
429 2066 561 2121 habeam
602 2063 677 2118 Haec
698 2061 733 2116 ad
745 2077 792 2115 os

55 2140 242 2198 tentationem
253 2160 348 2200 scenae
363 2141 528 2217 gandientis
541 2140 690 2198 miraculis
699 2136 791 2212 aptio-
808 2203 812 2211 .

55 2237 100 2286 ra,
120 2219 208 2292 quam
227 2222 264 2276 acl
288 2220 389 2287 finem,
408 2218 504 2295 neque
526 2216 680 2284 affirmare,
693 2213 791 2290 neque

56 2297 190 2354 refellere
202 2299 445 2372 operaepretium
467 2308 521 2355 est
561 2297 725 2353 Cuniculus
741 2295 790 2349 de

56 2373 142 2434 lectis
154 2373 292 2432 militibus
305 2396 340 2433 eo
354 2386 485 2448 tempore
497 2373 630 2449 plenus,'
623 2392 654 2429 ιιι
667 2372 730 2430 aede
741 2371 791 2427 Ju-

57 2453 152 2520 nonis,
165 2471 233 2525 quae
242 2452 272 2508 in
286 2455 447 2512 Veientana
461 2471 528 2509 arce
538 2461 600 2508 erat
612 2460 737 2507 armatos
748 2466 792 2504 re·

58 2528 145 2605 penti:
158 2528 262 2598 edidit;
283 2541 311 2587 et
323 2549 390 2608 pars
403 2528 567 2588 adversos
559 2547 589 2584 ιιι
609 2527 702 2582 muris
714 2525 793 2580 inva-

59 2609 131 2665 dunt
144 2611 252 2675 hostes,
261 2625 329 2680 pars
338 2612 461 2665 claustra
468 2616 620 2678 portarurn
628 2605 826 2659 revellunt

60 2703 137 2758 pars,
150 2684 245 2765 quum
259 2705 297 2744 ex
310 2685 394 2744 tectis
403 2703 483 2750 saxa,
495 2678 691 2754 tegulaeque
676 2699 695 2734 a
706 2675 793 2732 muli·

61 2759 158 2826 eribus
178 2781 213 2822 ac
227 2763 354 2825 servitiis
372 2763 550 2838 jacerentur,
561 2755 708 2815 inferunt
700 2768 794 2824 ignes
