1875 3267
432 388 494 443 329

61 531 143 590 rius
166 533 199 590 in
214 530 347 591 exercitu
370 530 509 590 habuisse
532 528 690 590 dicebatu1·.'
731 535 773 592 At
787 533 837 586 ex'

63 612 174 669 altera
189 622 272 684 parte
285 612 319 668 C.
331 611 487 679 Antonius,
509 611 636 702 pedibus
645 628 732 686 aeger,
745 608 826 682 quod

63 686 194 763 praelio
202 692 302 746 adesse
315 689 464 779 nequibat,
478 691 522 746 M
536 691 590 746 Pet
579 692 655 745 treio
667 690 761 763 legato
773 706 826 743 ex·

64 769 213 826 ercitum
237 767 392 842 permittit.
432 770 485 826 Ille
511 770 645 825 cohortes
670 778 826 831 veteranas

68 863 168 920 quas
178 847 294 905 tumult
276 858 297 904 ti
311 865 414 904 caussa
428 837 650 937 conscripserat,
671 844 701 900 in
723 843 827 911 fronte,

68 936 148 999 post
162 943 214 982 eas
225 937 365 1001 caeterum
380 925 547 1006 exercitum
560 923 732 982 insubsidils
742 926 826 979 locat

70 1006 152 1078 Ipse
168 1021 244 1079 equo
257 1002 455 1072 circumiens,
468 1000 713 1076 unumquemque
732 999 827 1058 nomi-

70 1099 167 1150 uanS,
179 1085 312 1154 appellat,
292 1085 391 1140 thort
380 1092 467 1150 tatur,
481 1093 574 1157 rogat,
581 1081 624 1140 uti
635 1077 827 1137 meminerint

75 1179 113 1216 se
137 1159 243 1218 contra
262 1160 417 1221 latrones
411 1178 550 1229 mermes,
569 1179 622 1234 pro
644 1158 747 1232 patria,
772 1177 826 1233 pro

75 1239 193 1308 liberis,
204 1238 271 1308 aris,
284 1251 371 1314 atque
385 1239 457 1296 focis
470 1240 531 1298 suis
553 1256 684 1296 eernere
724 1239 826 1294 Homo

77 1317 230 1385 militaris,
243 1317 319 1393 qubd
333 1316 461 1392 amplius
482 1335 573 1376 anuos
596 1317 715 1393 triginta
736 1318 828 1375 tribu·

77 1413 152 1463 nna,
174 1407 223 1453 aut
246 1397 411 1470 praefectus,
432 1406 484 1454 aut
502 1398 624 1472 legatus,
648 1408 699 1464 aut
721 1408 826 1471 praetor

79 1491 158 1530 cum
171 1479 280 1550 magna
294 1477 387 1550 gloria
400 1477 429 1534 in
444 1473 577 1533 exercitu
591 1474 692 1542 fuerat,
715 1478 825 1549 pleros·

81 1569 145 1625 que
164 1551 252 1627 ipsos,
273 1555 402 1630 factaque
424 1572 528 1612 eorum
548 1552 631 1611 fortia
643 1566 771 1618 noverat,
792 1572 826 1609 oa

82 1635 354 1702 commemorando,
373 1633 503 1690 militum
515 1633 627 1690 animos
640 1635 825 1689 accendebat.

85 1711 155 1777 Sed,
169 1713 227 1779 ubi,
249 1711 385 1774 omnibus
408 1713 497 1768 rebus
511 1709 675 1784 exploratis,
687 1712 827 1766 Petreius

84 1789 193 1844 tuba
173 1807 288 1864 signum
303 1793 360 1858 dat,
380 1791 516 1846 cohortes
536 1785 675 1861 paulatim
690 1788 824 1849 incedere

84 1867 177 1943 jubet.
198 1841 299 1926 oIdem
313 1867 381 1926 lacit
395 1863 525 1924 hostium
538 1868 694 1922 exercitus.

113 1946 330 2020 Postquam
300 1966 335 2004 eo
344 1955 410 2002 vent
407 1965 464 2002 um
478 1954 531 2013 est,
545 1943 623 2002 unde
636 1942 825 2002 alerentariis

87 2023 223 2093 praelium
242 2024 387 2084 committi
399 2028 518 2099 posset3
536 2024 673 2082 maximo
687 2026 825 2093 clamore,

89 2101 234 2190 infestis
212 2105 303 2193 srgnis
317 2112 510 2160 concurrunt
503 2105 584 2180 pila
594 2103 750 2169 omittunt
765 2105 826 2192 gla-

90 2180 145 2248 diis
168 2200 213 2240 res
236 2180 355 2260 geritur.
395 2183 455 2238 Vet
444 2186 546 2253 terani,
565 2183 698 2258 pristinae
711 2181 840 2240 rirultis=

90 2277 253 2352 irremotus,
267 2259 400 2396 cominus
420 2260 527 2319 aeriter
549 2263 656 2319 instare
682 2261 724 2317 illi
747 2263 825 2318 haud

93 2377 222 2476 Catilina
228 2438 297 2476 cum
311 2351 456 2494 superlitis
477 2417 506 2474 in
520 2419 618 2493 prima
631 2419 695 2477 acie
708 2416 826 2508 uersari,

91 2497 281 2555 laborantibus
300 2513 486 2563 succurrere,
499 2496 630 2570 integros
648 2511 702 2570 pro
720 2496 827 2554 sauciis

93 2575 243 2644 accersere,
255 2576 354 2633 omnia
365 2572 667 2646 provide1·e',muuum
682 2577 744 2648 ipse
753 2593 828 2648 pug-

96 2672 170 2722 nare,
192 2653 269 2728 saepe
292 2656 408 2711 hostem
430 2652 528 2721 ferire,
550 2654 659 2711 strenui
674 2651 785 2719 militis,
799 2664 828 2709 et

97 2731 161 2790 boni
182 2734 368 2806 Imperatoris
390 2731 484 2790 officia
506 2731 596 2790 simul
610 2733 828 2808 exequebatur.

99 2815 237 2880 Petreius,
251 2812 300 2877 ubi
311 2810 390 2880 videt
403 2809 561 2868 Catilinam
573 2809 683 2877 contra,
703 2829 740 2867 ac
750 2824 830 2867 ratus

98 2899 163 2960 erat,
174 2891 279 2967 magua
293 2890 321 2949 vi
334 2892 472 2955 tendere;
492 2890 643 2946 cohortem
663 2888 830 2962 praetoriam

415 2985 435 3024 u
451 2987 467 3028 e
483 2975 499 3024 2
