1875 3267
489 292 553 348 360
636 318 640 323 ·

143 444 252 502 verant,
278 430 454 490 conserunt:
484 429 672 490 multitudiue
696 431 825 488 telorum
842 445 876 484 ex
915 462 917 471 ·

144 513 270 570 turribus
291 518 512 586 propugnantes
532 512 704 568 desumantz
725 524 841 583 aggere,
852 516 877 561 et
915 520 917 585 ᾗ

141 591 281 660 cratibus,
294 590 390 647 aditus
403 590 581 664 expediuntz
596 588 720 646 falcibus
732 588 841 644 vallum
850 604 878 640 ac
915 602 917 677 q

140 669 264 726 loricam
278 668 457 726 rescindunt.
483 669 587 725 Caesar
598 668 691 724 mittit
699 663 880 742 primdiiru·

140 755 204 804 turn
229 749 444 806 adolescentem
467 763 539 802 cum
560 745 729 805 cohortibus
740 761 793 811 τη
820 751 883 816 post

140 841 210 882 cum
224 825 290 884 aliis
300 843 343 882 vu
353 823 475 883 Fabium
488 827 628 899 legatum.
649 819 805 883 Postremo
815 821 881 894 ipse,

140 902 237 978 quum
250 898 453 962 vehementius
470 913 662 978 pugnaretur,
673 902 809 978 integros
821 900 882 955 sub-

135 981 213 1040 sidin
226 981 350 1041 adducit.
391 981 538 1038 Restituto
564 982 738 1056 praelio,'ac
762 977 880 1051 repulsis

140 1061 280 1130 hostibus,
289 1059 334 1128 ed,
344 1058 403 1134 qud
411 1059 578 1118 Labienum
589 1061 721 1128 miserat,
730 1055 880 1116 contendit.

140 1143 287 1197 Cohortes
300 1158 330 1195 1v
343 1157 382 1194 ex
395 1139 535 1212 proximo
543 1141 663 1197 castello
669 1139 778 1196 educit
799 1135 880 1210 Equi·

140 1229 205 1274 tum
220 1238 251 1276 se
266 1227 381 1292 partem
396 1217 487 1291 sequi,
503 1228 620 1292 partem
632 1215 793 1275 circumire
806 1225 881 1272 exte.

139 1295 232 1354 riores
245 1294 432 1363 munitiones,
455 1307 486 1352 et
507 1298 542 1352 ab
564 1308 649 1372 tergo
662 1298 761 1352 hostes
779 1291 880 1352 adoriri

136 1372 229 1450 jubet.
269 1373 425 1444 Labienus,
450 1373 608 1449 postquam
630 1392 728 1448 neque
752 1389 881 1448 aggeres,

137 1470 232 1526 neque
254 1451 335 1508 fossa
350 1451 412 1507 vim
431 1452 564 1510 hostium
584 1451 730 1512 sustinere
743 1461 880 1526 poterant,

138 1530 246 1596 coactis
269 1529 328 1587 und
349 1530 386 1586 de
407 1532 598 1607 quadraginta
611 1531 792 1597 cohortibus,
814 1547 880 1604 quas

138 1629 176 1665 ex
197 1608 343 1683 proximis
365 1608 511 1683 praesidiis
533 1612 674 1668 deductas
695 1626 761 1665 sors
773 1608 880 1672 obtulit,

138 1691 289 1744 Caesarem
311 1705 365 1762 per
381 1687 506 1747 nuncios
529 1687 600 1746 facit
622 1687 791 1756 certiorem,
817 1687 880 1765 quid

137 1765 306 1824 laciendum
332 1763 492 1825 existimet.
533 1769 690 1826 Accelerat
714 1769 830 1833 Caesar,
854 1777 881 1820 ut

137 1845 242 1918 praelio
254 1846 378 1902 intersit.
410 1843 485 1923 Ejus
496 1848 622 1903 adventu
635 1864 674 1903 ex
689 1847 787 1902 colore
802 1844 882 1900 resti-

138 1925 186 1980 tus
206 1922 332 1998 cognito,
345 1941 405 1998 quo
415 1924 522 2000 insigni
536 1924 565 1980 in
580 1922 693 1999 praeliis
707 1923 751 1981 uti
764 1940 881 1980 consue-

138 2011 229 2070 verat,
248 2001 413 2076 turmisque
428 2007 562 2078 equiturn
575 2015 605 2060 et
619 1999 792 2060 cohortibus
806 2002 881 2067 visis,

137 2097 202 2153 qna
216 2097 247 2136 se
261 2079 345 2154 sequi
356 2080 493 2156 jusserat,
505 2091 537 2137 ut
547 2083 583 2138 de
597 2080 670 2138 locis
683 2078 882 2153 superioribus

139 2158 203 2214 haec
230 2156 353 2214 declivia
374 2169 404 2215 et
427 2162 543 2216 devexa
559 2161 764 2227 cernebantur,
787 2161 881 2216 hostes

138 2236 326 2292 committunt
339 2237 488 2310 praelium.
519 2237 679 2312 Utrimque
693 2240 826 2295 clamore
840 2255 882 2292 su-

136 2315 225 2381 blato,
248 2313 359 2388 excipit
381 2315 485 2377 rursus
506 2335 545 2374 ex
558 2319 635 2374 vallo
646 2326 735 2392 atque
748 2316 882 2372 omnibus

136 2391 348 2450 munitionibus
364 2396 484 2452 clamor.
524 2395 639 2463 Nostri,
664 2394 784 2453 emissis
811 2395 883 2468 pilis,

138 2470 241 2546 gladiis
267 2489 333 2530 rem
355 2483 472 2547 gerunt.
511 2471 645 2548 Repente
671 2483 738 2547 post
764 2485 883 2549 tergum

137 2550 285 2622 equitatus
309 2550 448 2609 cernitur.
489 2553 633 2609 Cohortes
647 2554 712 2610 aliae
726 2551 883 2625 appropin-

135 2637 235 2698 quant.
274 2629 384 2685 Hostes
415 2641 500 2705 terga
523 2639 650 2691 vertunt
690 2630 882 2704 Fugientibus

135 2705 248 2776 equites
261 2717 428 2763 occurrunt.
449 2709 496 2765 Fit
506 2710 726 2783 magnaesdes.
748 2709 881 2768 Sednlius

134 2780 195 2835 <lux
213 2792 242 2838 et
263 2783 399 2855 princeps
414 2787 608 2846 Lemovicum
621 2787 787 2846 occiditur:
811 2790 882 2848 Ver·
