1875 3267
471 243 532 308 396

128 406 247 448 mensus
266 389 302 444 ad
324 387 457 462 corporis
478 387 525 444 sui
545 390 716 446 modulum:
747 406 864 463 compo·

127 468 215 540 nique
234 465 332 534 simul,
354 469 377 523 si
393 485 450 540 qun
461 464 670 534 invenirentur,
684 467 777 525 frusta
790 487 863 524 mar·

127 545 225 610 moris,
248 557 278 600 et
300 565 406 620 aquam
430 545 522 602 simul
535 563 568 601 ac
582 546 659 620 ligna
671 545 801 602 conferri
814 564 864 602 eu·
921 552 923 607 ἷ

127 625 215 678 raudo
232 642 303 680 mox
317 625 458 687 cadaveri,
480 623 554 678 flens
575 625 611 680 ad
632 626 756 698 singula,
778 636 864 698 atque
921 628 923 659 ἶ

125 698 286 758 identidem
312 701 454 770 dictitans,
484 704 582 770 Qualis
610 705 727 773 artifieio
750 699 861 772 pereo!

124 779 206 836 Inter
219 799 326 846 moras,
337 784 462 854 perlatos
477 779 494 837 a
506 797 625 837 cursore
639 781 779 838 Phaontis
790 780 866 837 codi-
921 802 923 849 j

123 856 206 914 cillos
227 858 384 931 preripuit,
404 857 535 934 legitque
554 879 584 912 re
606 863 713 922 hostem
728 858 746 914 ὰ
761 870 865 914 serrata
921 902 923 923 ;

118 935 292 1006 judicatum,
314 950 340 992 et
360 943 455 1006 qiuari,
478 951 507 990 ut
518 941 672 1006 puniatur,
686 958 761 992 more
775 937 864 1007 majo·

123 1032 200 1070 rum.
240 1017 490 1090 Interrogavitque
511 1017 595 1088 quale
621 1015 651 1071 id
673 1035 768 1090 genus
788 1024 866 1070 esset
921 1080 923 1101 Ι

123 1107 238 1162 poenae:
253 1106 282 1150 et
294 1093 362 1149 clun
376 1092 567 1168 comperisset
580 1092 651 1149 nudi
664 1093 794 1151 hominis
804 1111 865 1149 cer·
921 1156 923 1173 Ι

122 1169 219 1232 vicem
241 1172 329 1228 inseri
353 1171 453 1239 turcae,
475 1189 582 1244 corpus
594 1171 685 1247 virgis
706 1173 742 1228 ad
760 1190 864 1229 necem

123 1251 214 1306 caedi:
230 1249 413 1319 conterritus,
424 1253 497 1308 duos
509 1253 662 1324 pugiones,
675 1269 748 1324 quos
761 1269 864 1314 secum

122 1329 236 1397 tulerat,
261 1329 401 1400 arripuitz
422 1332 591 1403 tentataque
616 1327 770 1404 utriusque
791 1326 862 1394 acie,

121 1404 224 1462 rursrls
238 1405 374 1464 condidit,
397 1419 550 1464 caussatus
571 1407 696 1461 nondum
708 1406 863 1474 adessesa-

122 1488 205 1538 talem
217 1489 325 1541 lroram.
347 1488 393 1542 Ac
406 1485 494 1542 motld
509 1488 634 1556 Sporum
648 1486 824 1560 hortabatur,
832 1496 864 1540 ut
921 1542 923 1545 ,

121 1562 272 1620 lamentari
286 1582 320 1620 ac
331 1565 472 1637 plangere
481 1565 639 1638 inciperet:
653 1561 744 1620 modb
756 1566 861 1628 orabat,

121 1650 156 1696 ut
170 1659 200 1696 se
211 1642 315 1715 aliquis
324 1643 357 1696 ad
369 1644 710 1715 mortemcapessendam
724 1641 861 1714 exemplo

119 1715 253 1790 juvaret:
276 1717 421 1776 interddm
444 1721 601 1791 segnitiem
620 1739 704 1776 suam
727 1718 862 1790 increpa·
921 1710 923 1743 ³

121 1797 180 1852 bat.
203 1801 328 1871 Jamque
341 1797 453 1870 equites
466 1799 744 1872 appropinquabant,
759 1797 863 1870 quibus
921 1794 923 1817 ⁵

120 1889 302 1950 praeceptum
323 1887 393 1939 erat,
416 1886 449 1932 ut
465 1877 564 1932 vivum
577 1873 649 1939 euin
672 1877 859 1931 attraherent
921 1892 923 1943 j

121 1953 208 2022 Quod
223 1966 255 2010 ut
268 1954 366 2020 sensit,
380 1951 490 2011 ferrum
500 1954 607 2030 jugulo
619 1953 727 2029 adegit,
740 1954 859 2029 juvante
921 1950 923 2017 ἶ

121 2031 320 2105 Epaphrodito
334 2032 351 2088 ai
364 2031 477 2089 libellis.
508 2031 752 2103 Semianimisque
765 2032 859 2088 adhuc
921 2040 923 2075 l

119 2105 346 2184 interru'mpenti
359 2110 533 2179 centurioni,
542 2121 579 2175 et,
589 2112 695 2183 penula
707 2106 743 2166 ad
757 2111 861 2166 vulnus

120 2189 261 2261 appositi,
275 2189 305 2244 in
318 2187 461 2244 auxilium
475 2189 626 2245 sevenisse
636 2187 860 2255 simulanti,uon
921 2220 923 2225 ·

120 2266 199 2322 aliud
212 2265 370 2341 respondit,
383 2265 471 2340 quim
486 2269 556 2322 Sero'
567 2289 578 2330 ;
600 2279 627 2321 et
638 2269 702 2320 Haec
717 2267 860 2336 eatfides?

120 2348 219 2418 Atque
233 2346 262 2402 in
276 2349 311 2402 ea
326 2363 395 2400 voce
408 2345 522 2412 defecit,
545 2343 727 2401 exstantibus
741 2344 861 2420 rigenti·
921 2372 923 2375 ·

120 2423 230 2496 busque
243 2423 336 2481 oculis
345 2421 436 2498 usque
447 2425 483 2480 ad
496 2426 647 2480 horrorem
659 2421 860 2493 forrnidinem·
885 2470 888 2475 ,

120 2517 177 2572 que
196 2501 361 2558 visentium.
402 2502 483 2559 Obiit
504 2503 632 2557 secundo
653 2510 684 2556 et
706 2500 860 2576 trigesimo

120 2579 208 2634 :etatis
222 2599 316 2646 anno;
337 2579 383 2635 die
405 2597 464 2654 quo
485 2580 630 2653 quondam
644 2579 800 2636 Octaviam
818 2580 860 2636 in-

117 2663 284 2712 teremerat.
306 2659 492 2728 Tantumque
503 2657 774 2732 gaudiumpublice
785 2674 859 2730 prae·

117 2731 188 2800 buit,
203 2743 235 2790 ut
249 2737 333 2807 plebs
344 2735 447 2809 pileata
460 2739 520 2790 tota
533 2738 605 2792 urbe
620 2735 808 2793 discurreret.

442 2829 535 2870 arms.
