<?xml version="1.0" encoding="UTF-8"?>
<!DOCTYPE html PUBLIC "-//W3C//DTD XHTML 1.0 Transitional//EN"
    "http://www.w3.org/TR/xhtml1/DTD/xhtml1-transitional.dtd">
<html xmlns="http://www.w3.org/1999/xhtml" xml:lang="en" lang="en">
 <head>
  <title>
</title>
<meta http-equiv="Content-Type" content="text/html;charset=utf-8" />
  <meta name='ocr-system' content='tesseract 3.04.00' />
  <meta name='ocr-capabilities' content='ocr_page ocr_carea ocr_par ocr_line ocrx_word'/>
</head>
<body>
  <div class='ocr_page' id='page_1' title='image "./narrationesexce00watsgoog_0186.png"; bbox 0 0 1875 3267; ppageno 0'>
   <div class='ocr_carea' id='block_1_1' title="bbox 428 332 498 397">
    <p class='ocr_par' dir='ltr' id='par_1_1' title="bbox 428 332 498 397">
     <span class='ocr_line' id='line_1_1' title="bbox 428 332 498 397; baseline 0 -1"><span class='ocrx_word' id='word_1_1' title='bbox 428 332 498 397; x_wconf 71' lang='lat' dir='ltr'><strong>trs</strong></span> 
     </span>
    </p>
   </div>
   <div class='ocr_carea' id='block_1_2' title="bbox 57 479 834 1581">
    <p class='ocr_par' dir='ltr' id='par_1_2' title="bbox 57 479 834 1581">
     <span class='ocr_line' id='line_1_2' title="bbox 57 479 834 549; baseline -0.005 0"><span class='ocrx_word' id='word_1_2' title='bbox 57 484 228 549; x_wconf 72' lang='lat' dir='ltr'><strong>adversis</strong></span> <span class='ocrx_word' id='word_1_3' title='bbox 246 484 381 543; x_wconf 81' lang='lat' dir='ltr'><strong>edictum</strong></span> <span class='ocrx_word' id='word_1_4' title='bbox 399 493 538 542; x_wconf 85' lang='lat' dir='ltr'><strong>nostrum</strong></span> <span class='ocrx_word' id='word_1_5' title='bbox 558 483 643 545; x_wconf 71' lang='lat' dir='ltr'><strong>extri</strong></span> <span class='ocrx_word' id='word_1_6' title='bbox 653 486 788 545; x_wconf 76' lang='lat' dir='ltr'><strong>ordinem</strong></span> <span class='ocrx_word' id='word_1_7' title='bbox 802 479 834 545; x_wconf 82' lang='lat' dir='ltr'><strong>i&#39;n</strong></span> 
     </span>
     <span class='ocr_line' id='line_1_3' title="bbox 60 560 834 640; baseline -0.003 -15"><span class='ocrx_word' id='word_1_8' title='bbox 60 570 201 625; x_wconf 85' lang='lat' dir='ltr'><strong>hostem</strong></span> <span class='ocrx_word' id='word_1_9' title='bbox 212 562 372 640; x_wconf 67' lang='lat' dir='ltr'><strong>pugnisti3</strong></span> <span class='ocrx_word' id='word_1_10' title='bbox 386 573 419 620; x_wconf 86' lang='lat' dir='ltr'><strong>et</strong></span> <span class='ocrx_word' id='word_1_11' title='bbox 429 560 576 637; x_wconf 76' lang='lat' dir='ltr'><strong>quantrim</strong></span> <span class='ocrx_word' id='word_1_12' title='bbox 588 562 619 619; x_wconf 91' lang='lat' dir='ltr'><strong>in</strong></span> <span class='ocrx_word' id='word_1_13' title='bbox 632 572 660 619; x_wconf 89' lang='lat' dir='ltr'><strong>te</strong></span> <span class='ocrx_word' id='word_1_14' title='bbox 672 562 736 635; x_wconf 81' lang='lat' dir='ltr'><strong>suit,</strong></span> <span class='ocrx_word' id='word_1_15' title='bbox 745 562 834 623; x_wconf 89' lang='lat' dir='ltr'><strong>disci·</strong></span> 
     </span>
     <span class='ocr_line' id='line_1_4' title="bbox 62 640 832 720; baseline 0.003 -19"><span class='ocrx_word' id='word_1_16' title='bbox 62 645 195 720; x_wconf 82' lang='lat' dir='ltr'><strong>plinam</strong></span> <span class='ocrx_word' id='word_1_17' title='bbox 216 642 471 717; x_wconf 63' lang='lat' dir='ltr'><strong>militaremque</strong></span> <span class='ocrx_word' id='word_1_18' title='bbox 496 640 577 700; x_wconf 88' lang='lat' dir='ltr'><strong>stetit</strong></span> <span class='ocrx_word' id='word_1_19' title='bbox 597 642 634 699; x_wconf 91' lang='lat' dir='ltr'><strong>ad</strong></span> <span class='ocrx_word' id='word_1_20' title='bbox 654 643 727 699; x_wconf 80' lang='lat' dir='ltr'><strong>hone</strong></span> <span class='ocrx_word' id='word_1_21' title='bbox 750 642 832 703; x_wconf 85' lang='lat' dir='ltr'><strong>diem</strong></span> 
     </span>
     <span class='ocr_line' id='line_1_5' title="bbox 63 719 832 794; baseline 0 -13"><span class='ocrx_word' id='word_1_22' title='bbox 63 724 220 782; x_wconf 86' lang='lat' dir='ltr'><strong>Romana</strong></span> <span class='ocrx_word' id='word_1_23' title='bbox 226 740 285 790; x_wconf 84' lang='lat' dir='ltr'><strong>res,</strong></span> <span class='ocrx_word' id='word_1_24' title='bbox 293 720 404 779; x_wconf 84' lang='lat' dir='ltr'><strong>solvisti</strong></span> <span class='ocrx_word' id='word_1_25' title='bbox 415 738 424 787; x_wconf 90' lang='lat'>;</span> <span class='ocrx_word' id='word_1_26' title='bbox 436 736 548 794; x_wconf 80' lang='lat' dir='ltr'><strong>meque</strong></span> <span class='ocrx_word' id='word_1_27' title='bbox 559 719 590 776; x_wconf 89' lang='lat' dir='ltr'><strong>in</strong></span> <span class='ocrx_word' id='word_1_28' title='bbox 600 736 668 779; x_wconf 86' lang='lat' dir='ltr'><strong>eam</strong></span> <span class='ocrx_word' id='word_1_29' title='bbox 677 720 832 781; x_wconf 82' lang='lat' dir='ltr'><strong>necessita·</strong></span> 
     </span>
     <span class='ocr_line' id='line_1_6' title="bbox 61 796 831 872; baseline -0.001 -12"><span class='ocrx_word' id='word_1_30' title='bbox 61 812 139 860; x_wconf 85' lang='lat' dir='ltr'><strong>tem</strong></span> <span class='ocrx_word' id='word_1_31' title='bbox 154 798 315 866; x_wconf 81' lang='lat' dir='ltr'>adduxisti,</span> <span class='ocrx_word' id='word_1_32' title='bbox 335 805 432 857; x_wconf 75' lang='lat' dir='ltr'><strong>ut&#39;aut</strong></span> <span class='ocrx_word' id='word_1_33' title='bbox 451 796 576 872; x_wconf 82' lang='lat' dir='ltr'><strong>reipubl.</strong></span> <span class='ocrx_word' id='word_1_34' title='bbox 589 797 675 867; x_wconf 87' lang='lat' dir='ltr'><strong>mihi,</strong></span> <span class='ocrx_word' id='word_1_35' title='bbox 693 808 743 857; x_wconf 78' lang='lat' dir='ltr'><strong>aut</strong></span> <span class='ocrx_word' id='word_1_36' title='bbox 761 800 831 870; x_wconf 86' lang='lat' dir='ltr'><strong>mei,</strong></span> 
     </span>
     <span class='ocr_line' id='line_1_7' title="bbox 64 875 831 953; baseline -0.003 -16"><span class='ocrx_word' id='word_1_37' title='bbox 64 895 282 953; x_wconf 82' lang='lat' dir='ltr'><strong>meorumque</strong></span> <span class='ocrx_word' id='word_1_38' title='bbox 307 876 538 935; x_wconf 82' lang='lat' dir='ltr'><strong>obliviscendum</strong></span> <span class='ocrx_word' id='word_1_39' title='bbox 561 875 620 944; x_wconf 87' lang='lat' dir='ltr'><strong>sit;</strong></span> <span class='ocrx_word' id='word_1_40' title='bbox 654 894 713 933; x_wconf 85' lang='lat' dir='ltr'><strong>nos</strong></span> <span class='ocrx_word' id='word_1_41' title='bbox 733 876 831 953; x_wconf 78' lang='lat' dir='ltr'><strong>potitis</strong></span> 
     </span>
     <span class='ocr_line' id='line_1_8' title="bbox 66 952 832 1029; baseline -0.001 -15"><span class='ocrx_word' id='word_1_42' title='bbox 66 966 183 1015; x_wconf 77' lang='lat' dir='ltr'><strong>nostro</strong></span> <span class='ocrx_word' id='word_1_43' title='bbox 192 955 299 1013; x_wconf 85' lang='lat' dir='ltr'><strong>delicto</strong></span> <span class='ocrx_word' id='word_1_44' title='bbox 308 956 487 1029; x_wconf 75' lang='lat' dir='ltr'><strong>plectemur,</strong></span> <span class='ocrx_word' id='word_1_45' title='bbox 495 952 586 1028; x_wconf 71' lang='lat' dir='ltr'><strong>qnam</strong></span> <span class='ocrx_word' id='word_1_46' title='bbox 595 954 832 1029; x_wconf 85' lang='lat' dir='ltr'><strong>respublicatan·</strong></span> 
     </span>
     <span class='ocr_line' id='line_1_9' title="bbox 68 1032 832 1107; baseline -0.001 -15"><span class='ocrx_word' id='word_1_47' title='bbox 68 1045 106 1093; x_wconf 90' lang='lat' dir='ltr'><strong>to</strong></span> <span class='ocrx_word' id='word_1_48' title='bbox 119 1052 180 1097; x_wconf 67' lang='lat' dir='ltr'><strong>sao</strong></span> <span class='ocrx_word' id='word_1_49' title='bbox 200 1035 309 1092; x_wconf 86' lang='lat' dir='ltr'><strong>damno</strong></span> <span class='ocrx_word' id='word_1_50' title='bbox 325 1042 428 1089; x_wconf 79' lang='lat' dir='ltr'><strong>nostra</strong></span> <span class='ocrx_word' id='word_1_51' title='bbox 439 1041 562 1107; x_wconf 66' lang='lat' dir='ltr'><strong>pecoau</strong></span> <span class='ocrx_word' id='word_1_52' title='bbox 580 1032 661 1103; x_wconf 67' lang='lat' dir='ltr'><strong>luat,</strong></span> <span class='ocrx_word' id='word_1_53' title='bbox 681 1033 766 1091; x_wconf 84' lang='lat' dir='ltr'><strong>triste</strong></span> <span class='ocrx_word' id='word_1_54' title='bbox 779 1052 832 1091; x_wconf 78' lang='lat' dir='ltr'><strong>ex·</strong></span> 
     </span>
     <span class='ocr_line' id='line_1_10' title="bbox 70 1108 830 1189; baseline -0.003 -17"><span class='ocrx_word' id='word_1_55' title='bbox 70 1114 228 1188; x_wconf 81' lang='lat' dir='ltr'><strong>emplum,</strong></span> <span class='ocrx_word' id='word_1_56' title='bbox 248 1112 300 1170; x_wconf 81' lang='lat' dir='ltr'><strong>sed</strong></span> <span class='ocrx_word' id='word_1_57' title='bbox 320 1110 351 1169; x_wconf 81' lang='lat' dir='ltr'><strong>‘m</strong></span> <span class='ocrx_word' id='word_1_58' title='bbox 372 1108 529 1185; x_wconf 76' lang='lat' dir='ltr'><strong>posteriim</strong></span> <span class='ocrx_word' id='word_1_59' title='bbox 549 1113 663 1169; x_wconf 81' lang='lat' dir='ltr'><strong>salubre</strong></span> <span class='ocrx_word' id='word_1_60' title='bbox 681 1111 830 1189; x_wconf 77' lang='lat' dir='ltr'><strong>juventuti</strong></span> 
     </span>
     <span class='ocr_line' id='line_1_11' title="bbox 69 1186 831 1265; baseline -0.001 -16"><span class='ocrx_word' id='word_1_61' title='bbox 69 1191 204 1250; x_wconf 83' lang='lat' dir='ltr'><strong>erimus.</strong></span> <span class='ocrx_word' id='word_1_62' title='bbox 245 1189 299 1248; x_wconf 85' lang='lat' dir='ltr'><strong>Me</strong></span> <span class='ocrx_word' id='word_1_63' title='bbox 311 1188 435 1263; x_wconf 79' lang='lat' dir='ltr'><strong>quidem</strong></span> <span class='ocrx_word' id='word_1_64' title='bbox 448 1186 519 1245; x_wconf 79' lang='lat' dir='ltr'><strong>crim</strong></span> <span class='ocrx_word' id='word_1_65' title='bbox 533 1188 663 1265; x_wconf 82' lang='lat' dir='ltr'><strong>ingenita</strong></span> <span class='ocrx_word' id='word_1_66' title='bbox 676 1190 784 1249; x_wconf 84' lang='lat' dir='ltr'><strong>caritas</strong></span> <span class='ocrx_word' id='word_1_67' title='bbox 797 1186 831 1249; x_wconf 85' lang='lat' dir='ltr'><strong>li·</strong></span> 
     </span>
     <span class='ocr_line' id='line_1_12' title="bbox 68 1266 829 1345; baseline 0.001 -17"><span class='ocrx_word' id='word_1_68' title='bbox 68 1271 194 1331; x_wconf 76' lang='lat' dir='ltr'><strong>bertini,</strong></span> <span class='ocrx_word' id='word_1_69' title='bbox 205 1266 272 1326; x_wconf 79' lang='lat' dir='ltr'><strong>trim</strong></span> <span class='ocrx_word' id='word_1_70' title='bbox 286 1268 440 1342; x_wconf 80' lang='lat' dir='ltr'><strong>specimen</strong></span> <span class='ocrx_word' id='word_1_71' title='bbox 446 1266 528 1333; x_wconf 68' lang='lat' dir='ltr'><strong>⁴istud</strong></span> <span class='ocrx_word' id='word_1_72' title='bbox 541 1268 656 1329; x_wconf 84' lang='lat' dir='ltr'><strong>virtutis</strong></span> <span class='ocrx_word' id='word_1_73' title='bbox 669 1270 829 1345; x_wconf 84' lang='lat' dir='ltr'><strong>deceptum</strong></span> 
     </span>
     <span class='ocr_line' id='line_1_13' title="bbox 73 1345 829 1424; baseline 0.004 -19"><span class='ocrx_word' id='word_1_74' title='bbox 73 1350 152 1413; x_wconf 72' lang='lat' dir='ltr'><strong>asna</strong></span> <span class='ocrx_word' id='word_1_75' title='bbox 166 1345 298 1423; x_wconf 79' lang='lat' dir='ltr'><strong>imagine</strong></span> <span class='ocrx_word' id='word_1_76' title='bbox 311 1345 428 1403; x_wconf 86' lang='lat' dir='ltr'><strong>decoris</strong></span> <span class='ocrx_word' id='word_1_77' title='bbox 439 1346 472 1403; x_wconf 89' lang='lat' dir='ltr'><strong>in</strong></span> <span class='ocrx_word' id='word_1_78' title='bbox 488 1352 517 1405; x_wconf 87' lang='lat' dir='ltr'><strong>te</strong></span> <span class='ocrx_word' id='word_1_79' title='bbox 529 1358 637 1406; x_wconf 84' lang='lat' dir='ltr'><strong>movet.</strong></span> <span class='ocrx_word' id='word_1_80' title='bbox 658 1346 716 1405; x_wconf 88' lang='lat' dir='ltr'><strong>Sed</strong></span> <span class='ocrx_word' id='word_1_81' title='bbox 730 1346 829 1424; x_wconf 75' lang='lat' dir='ltr'><strong>quom</strong></span> 
     </span>
     <span class='ocr_line' id='line_1_14' title="bbox 73 1422 827 1503; baseline 0.003 -18"><span class='ocrx_word' id='word_1_82' title='bbox 73 1438 129 1485; x_wconf 86' lang='lat' dir='ltr'><strong>aut</strong></span> <span class='ocrx_word' id='word_1_83' title='bbox 140 1436 240 1485; x_wconf 86' lang='lat' dir='ltr'><strong>morte</strong></span> <span class='ocrx_word' id='word_1_84' title='bbox 250 1428 305 1485; x_wconf 67' lang='lat' dir='ltr'><strong>tat</strong></span> <span class='ocrx_word' id='word_1_85' title='bbox 316 1424 476 1483; x_wconf 81' lang='lat' dir='ltr'><strong>sancienda</strong></span> <span class='ocrx_word' id='word_1_86' title='bbox 490 1422 548 1481; x_wconf 88' lang='lat' dir='ltr'><strong>sint</strong></span> <span class='ocrx_word' id='word_1_87' title='bbox 560 1427 716 1485; x_wconf 87' lang='lat' dir='ltr'><strong>consulum</strong></span> <span class='ocrx_word' id='word_1_88' title='bbox 728 1424 827 1503; x_wconf 87' lang='lat' dir='ltr'><strong>impe·</strong></span> 
     </span>
     <span class='ocr_line' id='line_1_15' title="bbox 74 1502 825 1581; baseline 0.004 -19"><span class='ocrx_word' id='word_1_89' title='bbox 74 1504 131 1576; x_wconf 81' lang='lat' dir='ltr'><strong>ria,</strong></span> <span class='ocrx_word' id='word_1_90' title='bbox 143 1516 195 1562; x_wconf 88' lang='lat' dir='ltr'><strong>aut</strong></span> <span class='ocrx_word' id='word_1_91' title='bbox 205 1502 380 1578; x_wconf 76' lang='lat' dir='ltr'><strong>impunitate</strong></span> <span class='ocrx_word' id='word_1_92' title='bbox 396 1502 428 1558; x_wconf 87' lang='lat' dir='ltr'><strong>in</strong></span> <span class='ocrx_word' id='word_1_93' title='bbox 440 1512 619 1577; x_wconf 86' lang='lat' dir='ltr'><strong>perpetuum</strong></span> <span class='ocrx_word' id='word_1_94' title='bbox 639 1506 825 1581; x_wconf 65' lang='lat' dir='ltr'><strong>abrogandas</strong></span> 
     </span>
    </p>
   </div>
   <div class='ocr_carea' id='block_1_3' title="bbox 76 1580 931 1659">
    <p class='ocr_par' dir='ltr' id='par_1_3' title="bbox 76 1580 931 1659">
     <span class='ocr_line' id='line_1_16' title="bbox 76 1580 931 1659; baseline 0.005 -18"><span class='ocrx_word' id='word_1_95' title='bbox 76 1602 116 1641; x_wconf 86' lang='lat' dir='ltr'><strong>ne</strong></span> <span class='ocrx_word' id='word_1_96' title='bbox 137 1580 310 1658; x_wconf 80' lang='lat' dir='ltr'><strong>tequidem,</strong></span> <span class='ocrx_word' id='word_1_97' title='bbox 329 1580 356 1637; x_wconf 89' lang='lat' dir='ltr'><strong>si</strong></span> <span class='ocrx_word' id='word_1_98' title='bbox 379 1581 451 1654; x_wconf 85' lang='lat' dir='ltr'><strong>quid</strong></span> <span class='ocrx_word' id='word_1_99' title='bbox 462 1582 495 1638; x_wconf 88' lang='lat' dir='ltr'><strong>in</strong></span> <span class='ocrx_word' id='word_1_100' title='bbox 506 1590 536 1638; x_wconf 85' lang='lat' dir='ltr'><strong>te</strong></span> <span class='ocrx_word' id='word_1_101' title='bbox 553 1583 649 1641; x_wconf 81' lang='lat' dir='ltr'><strong>nostri</strong></span> <span class='ocrx_word' id='word_1_102' title='bbox 668 1582 825 1659; x_wconf 73' lang='lat' dir='ltr'><strong>sangoinis</strong></span> <span class='ocrx_word' id='word_1_103' title='bbox 930 1646 931 1649; x_wconf 68' lang='grc'>,</span> 
     </span>
    </p>
   </div>
   <div class='ocr_carea' id='block_1_4' title="bbox 10 1659 829 2835">
    <p class='ocr_par' dir='ltr' id='par_1_4' title="bbox 10 1659 829 2835">
     <span class='ocr_line' id='line_1_17' title="bbox 77 1659 827 1735; baseline -0.003 -14"><span class='ocrx_word' id='word_1_104' title='bbox 77 1673 135 1730; x_wconf 89' lang='lat' dir='ltr'><strong>est,</strong></span> <span class='ocrx_word' id='word_1_105' title='bbox 146 1678 286 1719; x_wconf 85' lang='lat' dir='ltr'><strong>recusare</strong></span> <span class='ocrx_word' id='word_1_106' title='bbox 299 1676 447 1727; x_wconf 86' lang='lat' dir='ltr'><strong>censeam,</strong></span> <span class='ocrx_word' id='word_1_107' title='bbox 460 1659 531 1733; x_wconf 87' lang='lat' dir='ltr'><strong>quin</strong></span> <span class='ocrx_word' id='word_1_108' title='bbox 545 1660 731 1735; x_wconf 83' lang='lat' dir='ltr'><strong>disciplinam</strong></span> <span class='ocrx_word' id='word_1_109' title='bbox 745 1660 827 1723; x_wconf 83' lang='lat' dir='ltr'><strong>mili·</strong></span> 
     </span>
     <span class='ocr_line' id='line_1_18' title="bbox 77 1737 823 1812; baseline 0.003 -13"><span class='ocrx_word' id='word_1_110' title='bbox 77 1752 173 1799; x_wconf 86' lang='lat' dir='ltr'><strong>tarem</strong></span> <span class='ocrx_word' id='word_1_111' title='bbox 192 1740 283 1812; x_wconf 77' lang='lat' dir='ltr'><strong>culpa</strong></span> <span class='ocrx_word' id='word_1_112' title='bbox 303 1738 356 1795; x_wconf 71' lang='lat' dir='ltr'><strong>tui</strong></span> <span class='ocrx_word' id='word_1_113' title='bbox 376 1737 554 1811; x_wconf 83' lang='lat' dir='ltr'><strong>prolapsam,</strong></span> <span class='ocrx_word' id='word_1_114' title='bbox 566 1741 656 1811; x_wconf 71' lang='lat' dir='ltr'><strong>poena</strong></span> <span class='ocrx_word' id='word_1_115' title='bbox 676 1738 823 1801; x_wconf 84' lang='lat' dir='ltr'><strong>restituas.</strong></span> 
     </span>
     <span class='ocr_line' id='line_1_19' title="bbox 80 1815 825 1891; baseline 0 -12"><span class='ocrx_word' id='word_1_116' title='bbox 80 1821 105 1888; x_wconf 92' lang='lat'><strong>1,</strong></span> <span class='ocrx_word' id='word_1_117' title='bbox 117 1819 210 1884; x_wconf 80' lang='lat' dir='ltr'><strong>lictor,</strong></span> <span class='ocrx_word' id='word_1_118' title='bbox 223 1816 322 1891; x_wconf 85' lang='lat' dir='ltr'><strong>deliga</strong></span> <span class='ocrx_word' id='word_1_119' title='bbox 334 1816 371 1872; x_wconf 90' lang='lat' dir='ltr'><strong>ad</strong></span> <span class='ocrx_word' id='word_1_120' title='bbox 385 1817 501 1876; x_wconf 84' lang='lat' dir='ltr'><strong>Palum.</strong></span> <span class='ocrx_word' id='word_1_121' title='bbox 534 1815 703 1875; x_wconf 84' lang='lat' dir='ltr'><strong>Exanimati</strong></span> <span class='ocrx_word' id='word_1_122' title='bbox 719 1836 825 1879; x_wconf 86' lang='lat' dir='ltr'><strong>omnes</strong></span> 
     </span>
     <span class='ocr_line' id='line_1_20' title="bbox 10 1892 829 1973; baseline 0.002 -18"><span class='ocrx_word' id='word_1_123' title='bbox 10 1942 11 1948; x_wconf 15' lang='grc' dir='ltr'><strong>κ</strong></span> <span class='ocrx_word' id='word_1_124' title='bbox 77 1901 140 1958; x_wconf 78' lang='lat' dir='ltr'><strong>tim</strong></span> <span class='ocrx_word' id='word_1_125' title='bbox 151 1894 243 1955; x_wconf 87' lang='lat' dir='ltr'><strong>atroci</strong></span> <span class='ocrx_word' id='word_1_126' title='bbox 255 1893 392 1970; x_wconf 86' lang='lat' dir='ltr'><strong>imperio,</strong></span> <span class='ocrx_word' id='word_1_127' title='bbox 399 1910 455 1952; x_wconf 89' lang='lat' dir='ltr'><strong>nec</strong></span> <span class='ocrx_word' id='word_1_128' title='bbox 468 1892 653 1969; x_wconf 79' lang='lat' dir='ltr'><strong>aliterqnaim</strong></span> <span class='ocrx_word' id='word_1_129' title='bbox 663 1896 693 1953; x_wconf 90' lang='lat' dir='ltr'><strong>in</strong></span> <span class='ocrx_word' id='word_1_130' title='bbox 705 1915 736 1955; x_wconf 91' lang='lat' dir='ltr'><strong>se</strong></span> <span class='ocrx_word' id='word_1_131' title='bbox 745 1899 829 1973; x_wconf 64' lang='lat' dir='ltr'><strong>qnis-⁴</strong></span> 
     </span>
     <span class='ocr_line' id='line_1_21' title="bbox 78 1972 823 2052; baseline 0 -18"><span class='ocrx_word' id='word_1_132' title='bbox 78 1995 134 2052; x_wconf 84' lang='lat' dir='ltr'><strong>que</strong></span> <span class='ocrx_word' id='word_1_133' title='bbox 145 1974 307 2034; x_wconf 78' lang='lat' dir='ltr'><strong>districtam</strong></span> <span class='ocrx_word' id='word_1_134' title='bbox 320 1982 477 2030; x_wconf 83' lang='lat' dir='ltr'><strong>cernentes</strong></span> <span class='ocrx_word' id='word_1_135' title='bbox 493 1972 641 2038; x_wconf 71' lang='lat' dir='ltr'><strong>secorimr</strong></span> <span class='ocrx_word' id='word_1_136' title='bbox 664 1985 746 2033; x_wconf 83' lang='lat' dir='ltr'><strong>metu</strong></span> <span class='ocrx_word' id='word_1_137' title='bbox 759 1996 823 2037; x_wconf 85' lang='lat' dir='ltr'><strong>ma·</strong></span> 
     </span>
     <span class='ocr_line' id='line_1_22' title="bbox 81 2050 822 2131; baseline 0.005 -20"><span class='ocrx_word' id='word_1_138' title='bbox 81 2054 126 2131; x_wconf 80' lang='lat' dir='ltr'><strong>gis</strong></span> <span class='ocrx_word' id='word_1_139' title='bbox 143 2052 232 2130; x_wconf 75' lang='lat' dir='ltr'><strong>quim</strong></span> <span class='ocrx_word' id='word_1_140' title='bbox 252 2050 397 2111; x_wconf 77' lang='lat' dir='ltr'><strong>modestia</strong></span> <span class='ocrx_word' id='word_1_141' title='bbox 416 2050 567 2125; x_wconf 74' lang='lat' dir='ltr'><strong>quievere.</strong></span> <span class='ocrx_word' id='word_1_142' title='bbox 607 2052 721 2129; x_wconf 77' lang='lat' dir='ltr'><strong>Itaque,</strong></span> <span class='ocrx_word' id='word_1_143' title='bbox 741 2058 822 2119; x_wconf 73' lang='lat' dir='ltr'><strong>velut</strong></span> 
     </span>
     <span class='ocr_line' id='line_1_23' title="bbox 84 2129 821 2206; baseline 0.007 -16"><span class='ocrx_word' id='word_1_144' title='bbox 84 2150 193 2190; x_wconf 69' lang='lat' dir='ltr'><strong>enarro</strong></span> <span class='ocrx_word' id='word_1_145' title='bbox 205 2133 242 2189; x_wconf 84' lang='lat' dir='ltr'><strong>ab</strong></span> <span class='ocrx_word' id='word_1_146' title='bbox 262 2129 454 2196; x_wconf 74' lang='lat' dir='ltr'><strong>admiratione</strong></span> <span class='ocrx_word' id='word_1_147' title='bbox 474 2130 690 2206; x_wconf 79' lang='lat' dir='ltr'><strong>animo,qu1im</strong></span> <span class='ocrx_word' id='word_1_148' title='bbox 704 2133 821 2195; x_wconf 78' lang='lat' dir='ltr'><strong>silentio</strong></span> 
     </span>
     <span class='ocr_line' id='line_1_24' title="bbox 84 2202 822 2285; baseline 0.008 -18"><span class='ocrx_word' id='word_1_149' title='bbox 84 2208 169 2269; x_wconf 82' lang='lat' dir='ltr'><strong>defixi</strong></span> <span class='ocrx_word' id='word_1_150' title='bbox 192 2208 349 2277; x_wconf 75' lang='lat' dir='ltr'><strong>stetissent,</strong></span> <span class='ocrx_word' id='word_1_151' title='bbox 368 2208 490 2281; x_wconf 74' lang='lat' dir='ltr'><strong>repente</strong></span> <span class='ocrx_word' id='word_1_152' title='bbox 516 2202 673 2285; x_wconf 76' lang='lat' dir='ltr'><strong>postqurim</strong></span> <span class='ocrx_word' id='word_1_153' title='bbox 700 2216 822 2273; x_wconf 84' lang='lat' dir='ltr'><strong>cervice</strong></span> 
     </span>
     <span class='ocr_line' id='line_1_25' title="bbox 82 2285 821 2365; baseline 0.004 -17"><span class='ocrx_word' id='word_1_154' title='bbox 82 2285 250 2348; x_wconf 79' lang='lat' dir='ltr'><strong>casansus</strong></span> <span class='ocrx_word' id='word_1_155' title='bbox 268 2298 314 2345; x_wconf 86' lang='lat' dir='ltr'><strong>est</strong></span> <span class='ocrx_word' id='word_1_156' title='bbox 335 2298 434 2356; x_wconf 77' lang='lat' dir='ltr'><strong>emor,</strong></span> <span class='ocrx_word' id='word_1_157' title='bbox 452 2285 519 2345; x_wconf 77' lang='lat' dir='ltr'><strong>tom</strong></span> <span class='ocrx_word' id='word_1_158' title='bbox 541 2288 632 2347; x_wconf 87' lang='lat' dir='ltr'><strong>libero</strong></span> <span class='ocrx_word' id='word_1_159' title='bbox 657 2304 821 2365; x_wconf 81' lang='lat' dir='ltr'><strong>conquestu</strong></span> 
     </span>
     <span class='ocr_line' id='line_1_26' title="bbox 77 2367 819 2446; baseline 0.007 -21"><span class='ocrx_word' id='word_1_160' title='bbox 77 2376 185 2425; x_wconf 83' lang='lat' dir='ltr'><strong>coorta</strong></span> <span class='ocrx_word' id='word_1_161' title='bbox 197 2382 286 2422; x_wconf 78' lang='lat' dir='ltr'><strong>voces</strong></span> <span class='ocrx_word' id='word_1_162' title='bbox 305 2378 384 2436; x_wconf 87' lang='lat' dir='ltr'><strong>sunt,</strong></span> <span class='ocrx_word' id='word_1_163' title='bbox 392 2374 426 2423; x_wconf 90' lang='lat' dir='ltr'><strong>ut</strong></span> <span class='ocrx_word' id='word_1_164' title='bbox 444 2384 544 2440; x_wconf 85' lang='lat' dir='ltr'><strong>oeque</strong></span> <span class='ocrx_word' id='word_1_165' title='bbox 563 2367 709 2436; x_wconf 82' lang='lat' dir='ltr'><strong>lamentis,</strong></span> <span class='ocrx_word' id='word_1_166' title='bbox 721 2386 819 2446; x_wconf 85' lang='lat' dir='ltr'><strong>neque</strong></span> 
     </span>
     <span class='ocr_line' id='line_1_27' title="bbox 87 2442 818 2521; baseline 0.004 -18"><span class='ocrx_word' id='word_1_167' title='bbox 87 2442 326 2503; x_wconf 81' lang='lat' dir='ltr'><strong>exsecrationibus</strong></span> <span class='ocrx_word' id='word_1_168' title='bbox 339 2454 535 2519; x_wconf 81' lang='lat' dir='ltr'><strong>parceretur:</strong></span> <span class='ocrx_word' id='word_1_169' title='bbox 563 2444 723 2521; x_wconf 62' lang='lat' dir='ltr'><strong>portisque</strong></span> <span class='ocrx_word' id='word_1_170' title='bbox 748 2468 818 2507; x_wconf 88' lang='lat' dir='ltr'><strong>con-</strong></span> 
     </span>
     <span class='ocr_line' id='line_1_28' title="bbox 85 2520 820 2600; baseline 0.003 -19"><span class='ocrx_word' id='word_1_171' title='bbox 85 2534 186 2583; x_wconf 83' lang='lat' dir='ltr'><strong>tectum</strong></span> <span class='ocrx_word' id='word_1_172' title='bbox 204 2520 324 2600; x_wconf 85' lang='lat' dir='ltr'><strong>juvenis</strong></span> <span class='ocrx_word' id='word_1_173' title='bbox 343 2539 460 2597; x_wconf 88' lang='lat' dir='ltr'><strong>corpus,</strong></span> <span class='ocrx_word' id='word_1_174' title='bbox 478 2532 624 2597; x_wconf 88' lang='lat' dir='ltr'><strong>quantum</strong></span> <span class='ocrx_word' id='word_1_175' title='bbox 644 2525 820 2587; x_wconf 82' lang='lat' dir='ltr'><strong>militaribus</strong></span> 
     </span>
     <span class='ocr_line' id='line_1_29' title="bbox 89 2599 820 2677; baseline 0.003 -18"><span class='ocrx_word' id='word_1_176' title='bbox 89 2602 179 2659; x_wconf 83' lang='lat' dir='ltr'><strong>studiis</strong></span> <span class='ocrx_word' id='word_1_177' title='bbox 191 2599 381 2677; x_wconf 78' lang='lat' dir='ltr'><strong>iunusullum</strong></span> <span class='ocrx_word' id='word_1_178' title='bbox 395 2602 593 2659; x_wconf 87' lang='lat' dir='ltr'><strong>concelebrari</strong></span> <span class='ocrx_word' id='word_1_179' title='bbox 606 2612 711 2677; x_wconf 86' lang='lat' dir='ltr'><strong>potest,</strong></span> <span class='ocrx_word' id='word_1_180' title='bbox 724 2613 820 2661; x_wconf 87' lang='lat' dir='ltr'><strong>struc-</strong></span> 
     </span>
     <span class='ocr_line' id='line_1_30' title="bbox 90 2678 820 2755; baseline -0.004 -15"><span class='ocrx_word' id='word_1_181' title='bbox 90 2692 118 2740; x_wconf 89' lang='lat' dir='ltr'><strong>to</strong></span> <span class='ocrx_word' id='word_1_182' title='bbox 129 2678 203 2738; x_wconf 70' lang='lat' dir='ltr'><strong>extri</strong></span> <span class='ocrx_word' id='word_1_183' title='bbox 215 2680 326 2737; x_wconf 84' lang='lat' dir='ltr'><strong>vallum</strong></span> <span class='ocrx_word' id='word_1_184' title='bbox 346 2698 420 2755; x_wconf 82' lang='lat' dir='ltr'><strong>rogo</strong></span> <span class='ocrx_word' id='word_1_185' title='bbox 435 2691 636 2741; x_wconf 78' lang='lat' dir='ltr'><strong>cremaretur:</strong></span> <span class='ocrx_word' id='word_1_186' title='bbox 658 2679 820 2737; x_wconf 85' lang='lat' dir='ltr'><strong>Manliana·</strong></span> 
     </span>
     <span class='ocr_line' id='line_1_31' title="bbox 91 2756 818 2835; baseline -0.004 -18"><span class='ocrx_word' id='word_1_187' title='bbox 91 2777 141 2834; x_wconf 89' lang='lat' dir='ltr'><strong>que</strong></span> <span class='ocrx_word' id='word_1_188' title='bbox 150 2758 270 2835; x_wconf 87' lang='lat' dir='ltr'><strong>imperia</strong></span> <span class='ocrx_word' id='word_1_189' title='bbox 281 2775 342 2815; x_wconf 87' lang='lat' dir='ltr'><strong>non</strong></span> <span class='ocrx_word' id='word_1_190' title='bbox 355 2759 386 2817; x_wconf 90' lang='lat' dir='ltr'><strong>in</strong></span> <span class='ocrx_word' id='word_1_191' title='bbox 398 2757 556 2834; x_wconf 72' lang='lat' dir='ltr'><strong>praesentit</strong></span> <span class='ocrx_word' id='word_1_192' title='bbox 566 2756 655 2819; x_wconf 72' lang='lat' dir='ltr'><strong>moda</strong></span> <span class='ocrx_word' id='word_1_193' title='bbox 664 2758 818 2826; x_wconf 85' lang='lat' dir='ltr'><strong>horrenda,</strong></span> 
     </span>
    </p>
   </div>
   <div class='ocr_carea' id='block_1_5' title="bbox 87 2830 800 2982">
    <p class='ocr_par' dir='ltr' id='par_1_5' title="bbox 87 2830 800 2982">
     <span class='ocr_line' id='line_1_32' title="bbox 87 2830 800 2969; baseline -0.01 -69"><span class='ocrx_word' id='word_1_194' title='bbox 87 2838 133 2900; x_wconf 74' lang='lat' dir='ltr'><strong>sed</strong></span> <span class='ocrx_word' id='word_1_195' title='bbox 143 2835 264 2915; x_wconf 75' lang='lat' dir='ltr'><strong>exempli</strong></span> <span class='ocrx_word' id='word_1_196' title='bbox 274 2837 365 2898; x_wconf 84' lang='lat' dir='ltr'><strong>etiam</strong></span> <span class='ocrx_word' id='word_1_197' title='bbox 377 2836 472 2895; x_wconf 85' lang='lat' dir='ltr'><strong>tristis</strong></span> <span class='ocrx_word' id='word_1_198' title='bbox 480 2834 512 2969; x_wconf 65' lang='lat' dir='ltr'><strong>i2n</strong></span> <span class='ocrx_word' id='word_1_199' title='bbox 527 2830 680 2911; x_wconf 70' lang='lat' dir='ltr'><strong>posteram</strong></span> <span class='ocrx_word' id='word_1_200' title='bbox 693 2846 800 2913; x_wconf 80' lang='lat' dir='ltr'><strong>essent.</strong></span> 
     </span>
     <span class='ocr_line' id='line_1_33' title="bbox 452 2930 490 2982; baseline -0.132 0"><span class='ocrx_word' id='word_1_201' title='bbox 452 2930 474 2982; x_wconf 76' lang='lat' dir='ltr'><strong>‘i</strong></span> <span class='ocrx_word' id='word_1_202' title='bbox 488 2972 490 2977; x_wconf 83' lang='lat'><em>.</em></span> 
     </span>
    </p>
   </div>
   <div class='ocr_carea' id='block_1_6' title="bbox 0 0 969 3267">
    <p class='ocr_par' dir='ltr' id='par_1_6' title="bbox 0 0 969 3267">
     <span class='ocr_line' id='line_1_34' title="bbox 0 0 969 3267; baseline 0 0"><span class='ocrx_word' id='word_1_203' title='bbox 0 0 969 3267; x_wconf 95' lang='lat' dir='ltr'><strong> </strong></span> 
     </span>
    </p>
   </div>
  </div>
 </body>
</html>
