<?xml version="1.0" encoding="UTF-8"?>
<!DOCTYPE html PUBLIC "-//W3C//DTD XHTML 1.0 Transitional//EN"
    "http://www.w3.org/TR/xhtml1/DTD/xhtml1-transitional.dtd">
<html xmlns="http://www.w3.org/1999/xhtml" xml:lang="en" lang="en">
 <head>
  <title>
</title>
<meta http-equiv="Content-Type" content="text/html;charset=utf-8" />
  <meta name='ocr-system' content='tesseract 3.04.00' />
  <meta name='ocr-capabilities' content='ocr_page ocr_carea ocr_par ocr_line ocrx_word'/>
</head>
<body>
  <div class='ocr_page' id='page_1' title='image "./narrationesexce00watsgoog_0110.png"; bbox 0 0 1875 3267; ppageno 0'>
   <div class='ocr_carea' id='block_1_1' title="bbox 394 237 454 294">
    <p class='ocr_par' dir='ltr' id='par_1_1' title="bbox 394 237 454 294">
     <span class='ocr_line' id='line_1_1' title="bbox 394 237 454 294; baseline 0.05 -3"><span class='ocrx_word' id='word_1_1' title='bbox 394 237 454 294; x_wconf 83' lang='lat'>107</span> 
     </span>
    </p>
   </div>
   <div class='ocr_carea' id='block_1_2' title="bbox 52 376 811 1688">
    <p class='ocr_par' dir='ltr' id='par_1_2' title="bbox 52 376 811 1688">
     <span class='ocr_line' id='line_1_2' title="bbox 54 376 801 442; baseline -0.005 0"><span class='ocrx_word' id='word_1_2' title='bbox 54 380 211 442; x_wconf 68' lang='lat' dir='ltr'>certarnen</span> <span class='ocrx_word' id='word_1_3' title='bbox 234 379 356 438; x_wconf 85' lang='lat' dir='ltr'>tertium</span> <span class='ocrx_word' id='word_1_4' title='bbox 378 383 500 439; x_wconf 78' lang='lat' dir='ltr'>dabantz</span> <span class='ocrx_word' id='word_1_5' title='bbox 521 382 593 438; x_wconf 87' lang='lat' dir='ltr'>alter</span> <span class='ocrx_word' id='word_1_6' title='bbox 605 380 718 440; x_wconf 80' lang='lat' dir='ltr'>fessum</span> <span class='ocrx_word' id='word_1_7' title='bbox 736 376 801 438; x_wconf 81' lang='lat' dir='ltr'><strong>vul·</strong></span> 
     </span>
     <span class='ocr_line' id='line_1_3' title="bbox 52 459 803 534; baseline -0.004 -16"><span class='ocrx_word' id='word_1_8' title='bbox 52 479 142 529; x_wconf 88' lang='lat' dir='ltr'>nere,</span> <span class='ocrx_word' id='word_1_9' title='bbox 154 459 266 517; x_wconf 82' lang='lat' dir='ltr'>fessum</span> <span class='ocrx_word' id='word_1_10' title='bbox 280 477 368 516; x_wconf 89' lang='lat' dir='ltr'>cursu</span> <span class='ocrx_word' id='word_1_11' title='bbox 389 463 507 517; x_wconf 85' lang='lat' dir='ltr'>trahens</span> <span class='ocrx_word' id='word_1_12' title='bbox 521 477 633 534; x_wconf 85' lang='lat' dir='ltr'>corpus,</span> <span class='ocrx_word' id='word_1_13' title='bbox 649 461 803 534; x_wconf 84' lang='lat' dir='ltr'>victusque</span> 
     </span>
     <span class='ocr_line' id='line_1_4' title="bbox 54 537 802 614; baseline -0.003 -17"><span class='ocrx_word' id='word_1_14' title='bbox 54 540 185 597; x_wconf 69' lang='lat' dir='ltr'>fratrum</span> <span class='ocrx_word' id='word_1_15' title='bbox 199 538 263 596; x_wconf 68' lang='lat' dir='ltr'>ante</span> <span class='ocrx_word' id='word_1_16' title='bbox 277 557 309 595; x_wconf 89' lang='lat' dir='ltr'>se</span> <span class='ocrx_word' id='word_1_17' title='bbox 322 553 431 614; x_wconf 81' lang='lat' dir='ltr'>strage,</span> <span class='ocrx_word' id='word_1_18' title='bbox 444 537 548 594; x_wconf 89' lang='lat' dir='ltr'>victori</span> <span class='ocrx_word' id='word_1_19' title='bbox 560 537 695 614; x_wconf 82' lang='lat' dir='ltr'>objicitur</span> <span class='ocrx_word' id='word_1_20' title='bbox 706 538 802 606; x_wconf 81' lang='lat' dir='ltr'>hosti3</span> 
     </span>
     <span class='ocr_line' id='line_1_5' title="bbox 55 615 803 692; baseline 0 -19"><span class='ocrx_word' id='word_1_21' title='bbox 55 635 115 673; x_wconf 91' lang='lat' dir='ltr'>nec</span> <span class='ocrx_word' id='word_1_22' title='bbox 130 617 203 674; x_wconf 86' lang='lat' dir='ltr'>illud</span> <span class='ocrx_word' id='word_1_23' title='bbox 216 615 354 692; x_wconf 75' lang='lat' dir='ltr'>pralium</span> <span class='ocrx_word' id='word_1_24' title='bbox 368 615 433 674; x_wconf 87' lang='lat' dir='ltr'>fuit.</span> <span class='ocrx_word' id='word_1_25' title='bbox 472 617 626 674; x_wconf 88' lang='lat' dir='ltr'>Romanus</span> <span class='ocrx_word' id='word_1_26' title='bbox 642 621 803 683; x_wconf 81' lang='lat' dir='ltr'><strong>exsultans,</strong></span> 
     </span>
     <span class='ocr_line' id='line_1_6' title="bbox 55 693 804 768; baseline 0.001 -16"><span class='ocrx_word' id='word_1_27' title='bbox 55 696 157 762; x_wconf 61' lang='lat' dir='ltr'>Duos</span> <span class='ocrx_word' id='word_1_28' title='bbox 171 695 274 768; x_wconf 84' lang='lat' dir='ltr'>inquit,</span> <span class='ocrx_word' id='word_1_29' title='bbox 284 693 409 750; x_wconf 82' lang='lat' dir='ltr'><strong>fratrum</strong></span> <span class='ocrx_word' id='word_1_30' title='bbox 424 693 564 751; x_wconf 81' lang='lat' dir='ltr'>Manibus</span> <span class='ocrx_word' id='word_1_31' title='bbox 574 693 654 750; x_wconf 78' lang='lat' dir='ltr'>dedi:</span> <span class='ocrx_word' id='word_1_32' title='bbox 674 697 804 764; x_wconf 85' lang='lat' dir='ltr'>tertium,</span> 
     </span>
     <span class='ocr_line' id='line_1_7' title="bbox 56 771 805 848; baseline 0.001 -18"><span class='ocrx_word' id='word_1_33' title='bbox 56 790 159 830; x_wconf 77' lang='lat' dir='ltr'>causae</span> <span class='ocrx_word' id='word_1_34' title='bbox 174 771 242 830; x_wconf 91' lang='lat' dir='ltr'>belli</span> <span class='ocrx_word' id='word_1_35' title='bbox 255 773 389 848; x_wconf 79' lang='lat' dir='ltr'>hujusce,</span> <span class='ocrx_word' id='word_1_36' title='bbox 404 783 439 830; x_wconf 87' lang='lat' dir='ltr'>ut</span> <span class='ocrx_word' id='word_1_37' title='bbox 452 775 605 830; x_wconf 86' lang='lat' dir='ltr'>Romanus</span> <span class='ocrx_word' id='word_1_38' title='bbox 619 774 732 831; x_wconf 81' lang='lat' dir='ltr'>Albano</span> <span class='ocrx_word' id='word_1_39' title='bbox 748 773 805 831; x_wconf 89' lang='lat' dir='ltr'>im-</span> 
     </span>
     <span class='ocr_line' id='line_1_8' title="bbox 57 848 805 927; baseline 0 -19"><span class='ocrx_word' id='word_1_40' title='bbox 57 859 159 924; x_wconf 82' lang='lat' dir='ltr'>peret,</span> <span class='ocrx_word' id='word_1_41' title='bbox 178 853 261 908; x_wconf 75' lang='lat' dir='ltr'>dabo</span> <span class='ocrx_word' id='word_1_42' title='bbox 303 850 381 908; x_wconf 72' lang='lat' dir='ltr'>Male</span> <span class='ocrx_word' id='word_1_43' title='bbox 401 848 555 908; x_wconf 67' lang='lat' dir='ltr'>sustinenti</span> <span class='ocrx_word' id='word_1_44' title='bbox 572 869 664 919; x_wconf 87' lang='lat' dir='ltr'>arma,</span> <span class='ocrx_word' id='word_1_45' title='bbox 678 851 805 927; x_wconf 84' lang='lat' dir='ltr'>gladium</span> 
     </span>
     <span class='ocr_line' id='line_1_9' title="bbox 60 927 807 1005; baseline 0.001 -20"><span class='ocrx_word' id='word_1_46' title='bbox 60 927 193 1002; x_wconf 66' lang='lat' dir='ltr'>superne</span> <span class='ocrx_word' id='word_1_47' title='bbox 203 929 307 1004; x_wconf 75' lang='lat' dir='ltr'>jugulo</span> <span class='ocrx_word' id='word_1_48' title='bbox 321 927 437 1004; x_wconf 80' lang='lat' dir='ltr'>defigit:</span> <span class='ocrx_word' id='word_1_49' title='bbox 451 930 600 1005; x_wconf 85' lang='lat' dir='ltr'>jacentem</span> <span class='ocrx_word' id='word_1_50' title='bbox 614 929 727 1002; x_wconf 88' lang='lat' dir='ltr'>spoliat.</span> <span class='ocrx_word' id='word_1_51' title='bbox 747 932 807 986; x_wconf 77' lang='lat' dir='ltr'>Ro·</span> 
     </span>
     <span class='ocr_line' id='line_1_10' title="bbox 60 1005 807 1084; baseline -0.003 -20"><span class='ocrx_word' id='word_1_52' title='bbox 60 1005 148 1064; x_wconf 86' lang='lat' dir='ltr'>mani</span> <span class='ocrx_word' id='word_1_53' title='bbox 160 1018 279 1084; x_wconf 73' lang='lat' dir='ltr'>ovantes</span> <span class='ocrx_word' id='word_1_54' title='bbox 300 1026 334 1062; x_wconf 84' lang='lat' dir='ltr'>ac</span> <span class='ocrx_word' id='word_1_55' title='bbox 355 1007 533 1082; x_wconf 81' lang='lat' dir='ltr'>gratulantes</span> <span class='ocrx_word' id='word_1_56' title='bbox 553 1007 710 1064; x_wconf 80' lang='lat' dir='ltr'>Horatium</span> <span class='ocrx_word' id='word_1_57' title='bbox 732 1007 807 1062; x_wconf 56' lang='lat' dir='ltr'>acciu</span> 
     </span>
     <span class='ocr_line' id='line_1_11' title="bbox 65 1082 810 1162; baseline 0 -22"><span class='ocrx_word' id='word_1_58' title='bbox 65 1085 173 1155; x_wconf 83' lang='lat' dir='ltr'>piunt:</span> <span class='ocrx_word' id='word_1_59' title='bbox 194 1082 230 1139; x_wconf 77' lang='lat' dir='ltr'>eo</span> <span class='ocrx_word' id='word_1_60' title='bbox 243 1083 355 1160; x_wconf 85' lang='lat' dir='ltr'>majore</span> <span class='ocrx_word' id='word_1_61' title='bbox 365 1102 436 1142; x_wconf 88' lang='lat' dir='ltr'>cum</span> <span class='ocrx_word' id='word_1_62' title='bbox 450 1085 565 1162; x_wconf 85' lang='lat' dir='ltr'>gaudio,</span> <span class='ocrx_word' id='word_1_63' title='bbox 578 1082 735 1158; x_wconf 70' lang='lat' dir='ltr'>quoprope</span> <span class='ocrx_word' id='word_1_64' title='bbox 748 1102 810 1141; x_wconf 89' lang='lat' dir='ltr'>me·</span> 
     </span>
     <span class='ocr_line' id='line_1_12' title="bbox 65 1159 810 1240; baseline 0 -22"><span class='ocrx_word' id='word_1_65' title='bbox 65 1173 136 1220; x_wconf 89' lang='lat' dir='ltr'>tum</span> <span class='ocrx_word' id='word_1_66' title='bbox 154 1181 201 1218; x_wconf 91' lang='lat' dir='ltr'>res</span> <span class='ocrx_word' id='word_1_67' title='bbox 214 1160 318 1240; x_wconf 64' lang='lat' dir='ltr'>fuerat.</span> <span class='ocrx_word' id='word_1_68' title='bbox 352 1164 400 1223; x_wconf 84' lang='lat' dir='ltr'>Ad</span> <span class='ocrx_word' id='word_1_69' title='bbox 414 1165 594 1238; x_wconf 83' lang='lat' dir='ltr'>sepulturam</span> <span class='ocrx_word' id='word_1_70' title='bbox 607 1159 673 1218; x_wconf 68' lang='lat' dir='ltr'>iude</span> <span class='ocrx_word' id='word_1_71' title='bbox 686 1179 810 1219; x_wconf 88' lang='lat' dir='ltr'>suorum</span> 
     </span>
     <span class='ocr_line' id='line_1_13' title="bbox 65 1237 810 1315; baseline -0.003 -19"><span class='ocrx_word' id='word_1_72' title='bbox 65 1237 255 1314; x_wconf 73' lang='lat' dir='ltr'>nequaquam</span> <span class='ocrx_word' id='word_1_73' title='bbox 270 1239 387 1314; x_wconf 86' lang='lat' dir='ltr'>paribus</span> <span class='ocrx_word' id='word_1_74' title='bbox 401 1241 508 1298; x_wconf 88' lang='lat' dir='ltr'>animis</span> <span class='ocrx_word' id='word_1_75' title='bbox 520 1250 681 1309; x_wconf 86' lang='lat' dir='ltr'>vertuntur,</span> <span class='ocrx_word' id='word_1_76' title='bbox 700 1239 810 1315; x_wconf 80' lang='lat' dir='ltr'><strong>quippe</strong></span> 
     </span>
     <span class='ocr_line' id='line_1_14' title="bbox 65 1317 809 1392; baseline -0.004 -19"><span class='ocrx_word' id='word_1_77' title='bbox 65 1318 194 1392; x_wconf 83' lang='lat' dir='ltr'>imperio</span> <span class='ocrx_word' id='word_1_78' title='bbox 205 1317 288 1375; x_wconf 86' lang='lat' dir='ltr'>alteri</span> <span class='ocrx_word' id='word_1_79' title='bbox 297 1319 385 1387; x_wconf 84' lang='lat' dir='ltr'>aucti,</span> <span class='ocrx_word' id='word_1_80' title='bbox 394 1319 477 1376; x_wconf 87' lang='lat' dir='ltr'>alteri</span> <span class='ocrx_word' id='word_1_81' title='bbox 487 1318 602 1377; x_wconf 88' lang='lat' dir='ltr'>ditionis</span> <span class='ocrx_word' id='word_1_82' title='bbox 615 1318 717 1376; x_wconf 88' lang='lat' dir='ltr'>alieuae</span> <span class='ocrx_word' id='word_1_83' title='bbox 733 1317 809 1376; x_wconf 81' lang='lat' dir='ltr'>facti.</span> 
     </span>
     <span class='ocr_line' id='line_1_15' title="bbox 67 1396 809 1472; baseline -0.003 -19"><span class='ocrx_word' id='word_1_84' title='bbox 67 1399 209 1471; x_wconf 85' lang='lat' dir='ltr'>Sepulcra</span> <span class='ocrx_word' id='word_1_85' title='bbox 219 1407 392 1468; x_wconf 84' lang='lat' dir='ltr'>extant,quo</span> <span class='ocrx_word' id='word_1_86' title='bbox 406 1396 530 1472; x_wconf 86' lang='lat' dir='ltr'>quisque</span> <span class='ocrx_word' id='word_1_87' title='bbox 538 1399 601 1454; x_wconf 85' lang='lat' dir='ltr'>loco</span> <span class='ocrx_word' id='word_1_88' title='bbox 613 1396 736 1465; x_wconf 83' lang='lat' dir='ltr'>cecidit3</span> <span class='ocrx_word' id='word_1_89' title='bbox 749 1398 809 1453; x_wconf 92' lang='lat' dir='ltr'>duo</span> 
     </span>
     <span class='ocr_line' id='line_1_16' title="bbox 67 1475 810 1550; baseline 0.001 -20"><span class='ocrx_word' id='word_1_90' title='bbox 67 1493 189 1532; x_wconf 88' lang='lat' dir='ltr'>romana</span> <span class='ocrx_word' id='word_1_91' title='bbox 206 1494 264 1532; x_wconf 91' lang='lat' dir='ltr'>uno</span> <span class='ocrx_word' id='word_1_92' title='bbox 278 1478 343 1532; x_wconf 83' lang='lat' dir='ltr'>loco</span> <span class='ocrx_word' id='word_1_93' title='bbox 355 1475 479 1550; x_wconf 78' lang='lat' dir='ltr'>propius</span> <span class='ocrx_word' id='word_1_94' title='bbox 501 1479 618 1543; x_wconf 87' lang='lat' dir='ltr'>Albam,</span> <span class='ocrx_word' id='word_1_95' title='bbox 640 1475 695 1532; x_wconf 81' lang='lat' dir='ltr'>tria</span> <span class='ocrx_word' id='word_1_96' title='bbox 708 1477 810 1533; x_wconf 80' lang='lat' dir='ltr'>albana</span> 
     </span>
     <span class='ocr_line' id='line_1_17' title="bbox 67 1552 811 1630; baseline 0.004 -21"><span class='ocrx_word' id='word_1_97' title='bbox 67 1555 195 1610; x_wconf 87' lang='lat' dir='ltr'>Romam</span> <span class='ocrx_word' id='word_1_98' title='bbox 208 1552 330 1621; x_wconf 79' lang='lat' dir='ltr'>versus3</span> <span class='ocrx_word' id='word_1_99' title='bbox 347 1555 399 1612; x_wconf 86' lang='lat' dir='ltr'>sed</span> <span class='ocrx_word' id='word_1_100' title='bbox 412 1554 547 1612; x_wconf 80' lang='lat' dir='ltr'>distantia</span> <span class='ocrx_word' id='word_1_101' title='bbox 558 1555 638 1626; x_wconf 82' lang='lat' dir='ltr'>locis,</span> <span class='ocrx_word' id='word_1_102' title='bbox 648 1563 682 1612; x_wconf 87' lang='lat' dir='ltr'>ut</span> <span class='ocrx_word' id='word_1_103' title='bbox 691 1565 721 1612; x_wconf 87' lang='lat' dir='ltr'>et</span> <span class='ocrx_word' id='word_1_104' title='bbox 733 1573 811 1630; x_wconf 57' lang='lat' dir='ltr'>puga</span> 
     </span>
     <span class='ocr_line' id='line_1_18' title="bbox 67 1641 508 1688; baseline 0.005 -2"><span class='ocrx_word' id='word_1_105' title='bbox 67 1642 170 1688; x_wconf 83' lang='lat' dir='ltr'>natum</span> <span class='ocrx_word' id='word_1_106' title='bbox 184 1641 237 1688; x_wconf 85' lang='lat' dir='ltr'>est.</span> <span class='ocrx_word' id='word_1_107' title='bbox 505 1665 508 1668; x_wconf 89' lang='lat'><strong>·</strong></span> 
     </span>
    </p>
   </div>
   <div class='ocr_carea' id='block_1_3' title="bbox 228 1861 647 2072">
    <p class='ocr_par' dir='ltr' id='par_1_3' title="bbox 228 1861 647 2072">
     <span class='ocr_line' id='line_1_19' title="bbox 258 1861 622 1926; baseline -0.008 0"><span class='ocrx_word' id='word_1_108' title='bbox 258 1861 540 1926; x_wconf 72' lang='lat' dir='ltr'><strong>NARRA&#39;I&#39;ION</strong></span> <span class='ocrx_word' id='word_1_109' title='bbox 559 1861 622 1924; x_wconf 76' lang='lat' dir='ltr'>IV.</span> 
     </span>
     <span class='ocr_line' id='line_1_20' title="bbox 228 2009 647 2072; baseline -0.012 0"><span class='ocrx_word' id='word_1_110' title='bbox 228 2012 382 2072; x_wconf 77' lang='lat' dir='ltr'>Horatius</span> <span class='ocrx_word' id='word_1_111' title='bbox 397 2009 466 2070; x_wconf 81' lang='lat' dir='ltr'>kills</span> <span class='ocrx_word' id='word_1_112' title='bbox 478 2009 528 2070; x_wconf 82' lang='lat' dir='ltr'>Iris</span> <span class='ocrx_word' id='word_1_113' title='bbox 542 2010 647 2070; x_wconf 79' lang='lat' dir='ltr'>sister.</span> 
     </span>
    </p>
   </div>
   <div class='ocr_carea' id='block_1_4' title="bbox 226 2146 721 2216">
    <p class='ocr_par' dir='ltr' id='par_1_4' title="bbox 226 2146 721 2216">
     <span class='ocr_line' id='line_1_21' title="bbox 226 2146 721 2216; baseline 0.002 -14"><span class='ocrx_word' id='word_1_114' title='bbox 226 2151 319 2216; x_wconf 84' lang='lat' dir='ltr'>(Rom.</span> <span class='ocrx_word' id='word_1_115' title='bbox 332 2149 402 2202; x_wconf 86' lang='lat' dir='ltr'>Hist.</span> <span class='ocrx_word' id='word_1_116' title='bbox 411 2151 490 2202; x_wconf 80' lang='lat' dir='ltr'>Titus</span> <span class='ocrx_word' id='word_1_117' title='bbox 502 2153 533 2202; x_wconf 86' lang='lat' dir='ltr'>L·</span> <span class='ocrx_word' id='word_1_118' title='bbox 542 2146 656 2213; x_wconf 79' lang='lat' dir='ltr'>b&#39;ookl.)</span> <span class='ocrx_word' id='word_1_119' title='bbox 718 2199 721 2203; x_wconf 89' lang='lat'>.</span> 
     </span>
    </p>
   </div>
   <div class='ocr_carea' id='block_1_5' title="bbox 77 2276 819 2740">
    <p class='ocr_par' dir='ltr' id='par_1_5' title="bbox 77 2276 819 2740">
     <span class='ocr_line' id='line_1_22' title="bbox 114 2276 815 2351; baseline -0.004 -14"><span class='ocrx_word' id='word_1_120' title='bbox 114 2283 273 2338; x_wconf 74' lang='lat' dir='ltr'>Patronus</span> <span class='ocrx_word' id='word_1_121' title='bbox 288 2279 427 2336; x_wconf 82' lang='lat' dir='ltr'>Horatius</span> <span class='ocrx_word' id='word_1_122' title='bbox 448 2277 516 2346; x_wconf 89' lang='lat' dir='ltr'>ibat,</span> <span class='ocrx_word' id='word_1_123' title='bbox 535 2276 702 2351; x_wconf 76' lang='lat' dir='ltr'>tergemina</span> <span class='ocrx_word' id='word_1_124' title='bbox 723 2276 815 2350; x_wconf 80' lang='lat' dir='ltr'>spolia</span> 
     </span>
     <span class='ocr_line' id='line_1_23' title="bbox 77 2355 816 2434; baseline -0.004 -20"><span class='ocrx_word' id='word_1_125' title='bbox 77 2378 138 2434; x_wconf 88' lang='lat' dir='ltr'>prae</span> <span class='ocrx_word' id='word_1_126' title='bbox 153 2373 320 2432; x_wconf 84' lang='lat' dir='ltr'>segerens:</span> <span class='ocrx_word' id='word_1_127' title='bbox 335 2355 384 2412; x_wconf 86' lang='lat' dir='ltr'>cui</span> <span class='ocrx_word' id='word_1_128' title='bbox 394 2373 478 2414; x_wconf 86' lang='lat' dir='ltr'>soror</span> <span class='ocrx_word' id='word_1_129' title='bbox 490 2355 582 2429; x_wconf 84' lang='lat' dir='ltr'>virgo,</span> <span class='ocrx_word' id='word_1_130' title='bbox 593 2373 659 2427; x_wconf 81' lang='lat' dir='ltr'>quae</span> <span class='ocrx_word' id='word_1_131' title='bbox 673 2357 816 2426; x_wconf 82' lang='lat' dir='ltr'>desponsa</span> 
     </span>
     <span class='ocr_line' id='line_1_24' title="bbox 77 2431 816 2504; baseline -0.004 -12"><span class='ocrx_word' id='word_1_132' title='bbox 77 2436 129 2494; x_wconf 91' lang='lat' dir='ltr'>uni</span> <span class='ocrx_word' id='word_1_133' title='bbox 142 2457 180 2493; x_wconf 85' lang='lat' dir='ltr'>ex</span> <span class='ocrx_word' id='word_1_134' title='bbox 194 2433 334 2493; x_wconf 75' lang='lat' dir='ltr'>Curiatiis</span> <span class='ocrx_word' id='word_1_135' title='bbox 346 2431 448 2502; x_wconf 86' lang='lat' dir='ltr'>fuerat,</span> <span class='ocrx_word' id='word_1_136' title='bbox 460 2434 546 2490; x_wconf 77' lang='lat' dir='ltr'>obvia</span> <span class='ocrx_word' id='word_1_137' title='bbox 555 2431 619 2490; x_wconf 72' lang='lat' dir='ltr'>ante</span> <span class='ocrx_word' id='word_1_138' title='bbox 632 2443 745 2504; x_wconf 83' lang='lat' dir='ltr'>portam</span> <span class='ocrx_word' id='word_1_139' title='bbox 759 2435 816 2489; x_wconf 90' lang='lat' dir='ltr'>Ca-</span> 
     </span>
     <span class='ocr_line' id='line_1_25' title="bbox 77 2509 817 2590; baseline -0.012 -18"><span class='ocrx_word' id='word_1_140' title='bbox 77 2533 183 2590; x_wconf 81' lang='lat' dir='ltr'>penam</span> <span class='ocrx_word' id='word_1_141' title='bbox 195 2512 268 2570; x_wconf 78' lang='lat' dir='ltr'>fuit:</span> <span class='ocrx_word' id='word_1_142' title='bbox 284 2513 456 2587; x_wconf 85' lang='lat' dir='ltr'>cognitoque</span> <span class='ocrx_word' id='word_1_143' title='bbox 467 2529 557 2584; x_wconf 86' lang='lat' dir='ltr'>super</span> <span class='ocrx_word' id='word_1_144' title='bbox 567 2513 706 2590; x_wconf 84' lang='lat' dir='ltr'>humeros</span> <span class='ocrx_word' id='word_1_145' title='bbox 720 2509 817 2566; x_wconf 88' lang='lat' dir='ltr'>fratris</span> 
     </span>
     <span class='ocr_line' id='line_1_26' title="bbox 78 2587 819 2669; baseline -0.015 -19"><span class='ocrx_word' id='word_1_146' title='bbox 78 2588 284 2669; x_wconf 82' lang='lat' dir='ltr'>paludamento</span> <span class='ocrx_word' id='word_1_147' title='bbox 294 2591 401 2664; x_wconf 78' lang='lat' dir='ltr'>sponsi,</span> <span class='ocrx_word' id='word_1_148' title='bbox 415 2591 495 2665; x_wconf 87' lang='lat' dir='ltr'>quod</span> <span class='ocrx_word' id='word_1_149' title='bbox 503 2591 566 2663; x_wconf 89' lang='lat' dir='ltr'>ipsa</span> <span class='ocrx_word' id='word_1_150' title='bbox 576 2587 749 2652; x_wconf 83' lang='lat' dir='ltr'>confecerat,</span> <span class='ocrx_word' id='word_1_151' title='bbox 763 2588 819 2640; x_wconf 87' lang='lat' dir='ltr'>sol-</span> 
     </span>
     <span class='ocr_line' id='line_1_27' title="bbox 81 2667 819 2740; baseline -0.019 -11"><span class='ocrx_word' id='word_1_152' title='bbox 81 2671 121 2729; x_wconf 85' lang='lat' dir='ltr'>vit</span> <span class='ocrx_word' id='word_1_153' title='bbox 139 2670 246 2738; x_wconf 88' lang='lat' dir='ltr'>crines,</span> <span class='ocrx_word' id='word_1_154' title='bbox 259 2680 288 2727; x_wconf 88' lang='lat' dir='ltr'>et</span> <span class='ocrx_word' id='word_1_155' title='bbox 300 2668 435 2736; x_wconf 85' lang='lat' dir='ltr'>flebiliter</span> <span class='ocrx_word' id='word_1_156' title='bbox 448 2667 567 2724; x_wconf 83' lang='lat' dir='ltr'>nomine</span> <span class='ocrx_word' id='word_1_157' title='bbox 581 2683 721 2740; x_wconf 88' lang='lat' dir='ltr'>sponsum</span> <span class='ocrx_word' id='word_1_158' title='bbox 740 2681 819 2718; x_wconf 90' lang='lat' dir='ltr'>mor-</span> 
     </span>
    </p>
   </div>
   <div class='ocr_carea' id='block_1_6' title="bbox 81 2739 818 2824">
    <p class='ocr_par' dir='ltr' id='par_1_6' title="bbox 81 2739 818 2824">
     <span class='ocr_line' id='line_1_28' title="bbox 81 2739 818 2824; baseline -0.026 -16"><span class='ocrx_word' id='word_1_159' title='bbox 81 2761 164 2808; x_wconf 90' lang='lat' dir='ltr'>tuum</span> <span class='ocrx_word' id='word_1_160' title='bbox 177 2749 308 2824; x_wconf 88' lang='lat' dir='ltr'>appellat.</span> <span class='ocrx_word' id='word_1_161' title='bbox 349 2747 452 2804; x_wconf 81' lang='lat' dir='ltr'>Movet</span> <span class='ocrx_word' id='word_1_162' title='bbox 465 2744 555 2803; x_wconf 81' lang='lat' dir='ltr'>feroci</span> <span class='ocrx_word' id='word_1_163' title='bbox 571 2742 673 2820; x_wconf 74' lang='lat' dir='ltr'>juveni</span> <span class='ocrx_word' id='word_1_164' title='bbox 687 2739 818 2798; x_wconf 76' lang='lat' dir='ltr'>animum</span> 
     </span>
    </p>
   </div>
   <div class='ocr_carea' id='block_1_7' title="bbox 0 0 958 3267">
    <p class='ocr_par' dir='ltr' id='par_1_7' title="bbox 0 0 958 3267">
     <span class='ocr_line' id='line_1_29' title="bbox 0 0 958 3267; baseline 0 0"><span class='ocrx_word' id='word_1_165' title='bbox 0 0 958 3267; x_wconf 95' lang='lat' dir='ltr'> </span> 
     </span>
    </p>
   </div>
  </div>
 </body>
</html>
