1875 3267
428 227 465 282 81

68 371 234 430 oraculum
248 369 378 440 eludens,
399 371 514 432 veriora
534 393 565 430 se
585 372 649 450 regi
669 368 761 447 quim
773 387 824 444 pa·

71 457 155 506 trem
170 450 249 527 eJ'us
244 451 433 545 respondisse
448 451 572 510 dicebat.
652 485 655 490 ·
832 512 836 520 ,

105 529 124 586 J
125 548 175 586 am
186 527 302 586 tantum
308 546 362 585 rrae
370 542 548 606 conceperat
555 551 608 589 rex
617 529 761 607 quautdm
771 528 824 585 vix

70 606 194 664 sobrius
207 607 285 665 ferre
295 608 460 681 potuisset.
483 609 646 680 enimvero,
658 609 727 666 olim
740 625 825 665 mero

70 686 215 745 sensibus
226 686 365 756 uenam<
373 689 448 745 lecto
458 700 580 764 repente
569 687 738 763 prosiluit
753 695 825 744 atto-

70 763 128 822 niti
144 763 245 832 amici,
255 783 292 822 ne
301 765 404 838 positis
418 768 539 840 quidem
549 766 826 858 sedabjectispoeu-

71 843 123 912 lis,
149 855 343 919 consurgunt,
364 844 396 902 in
419 858 561 904 eventum
582 846 626 903 rei
644 864 734 922 quam
745 854 826 900 tanto

71 921 195 997 impetu
208 931 326 980 acturus
340 934 416 981 esset
428 925 540 981 intenti.
569 924 749 990 Alexander,
761 937 827 996 rap·

74 1003 107 1058 ta
121 1003 226 1059 lancee
240 1019 277 1056 ex
290 1001 427 1059 manibus
438 1002 588 1093 arnugeri,
599 1003 722 1070 Clitum,
732 999 827 1058 adhuc

76 1081 188 1137 eadem
196 1078 326 1154 linguae
319 1082 546 1156 intemperantia
555 1083 713 1150 furentem,
725 1096 829 1154 percu·

74 1168 143 1215 tere
157 1168 289 1226 conatus,
309 1157 327 1214 ai
347 1161 507 1218 Ptolemaeo
520 1171 550 1218 et
562 1161 705 1218 Perdicca
718 1157 829 1214 inhibe·

75 1247 147 1305 tur;
169 1236 302 1296 medium
325 1239 478 1311 complexi
497 1248 526 1296 et
538 1237 682 1297 obluctati
692 1255 829 1312 pelsete·

75 1328 196 1373 rantem
216 1318 422 1388 morabantur;
444 1319 641 1393 Lysimachus
653 1326 683 1374 et
696 1318 829 1373 Leonna-

78 1404 127 1452 tus
140 1392 233 1453 etiam
252 1396 386 1454 lanceam
408 1399 601 1454 abstulerant.
624 1395 684 1465 ille,
696 1391 828 1451 militum

79 1471 170 1530 fidem
188 1473 360 1550 implorans,
379 1474 588 1550 comprehendi
603 1495 635 1533 se
648 1496 667 1532 a
680 1471 827 1549 proximis

79 1549 247 1610 amicorum
260 1554 338 1628 quod
351 1553 442 1610 Dario
455 1571 551 1630 nuper
558 1552 716 1612 accldrsset
730 1553 828 1608 excla-

80 1639 165 1687 mat·
159 1631 437 1708 signumquetuba
448 1634 552 1689 danut
561 1633 596 1689 ad
605 1650 722 1706 regram
732 1648 828 1686 arma

79 1709 103 1766 ti
117 1711 229 1768 coirent
236 1711 328 1802 jubet
349 1712 434 1768 Tum
444 1728 516 1767 vero
501 1709 706 1768 Ptolemaeus
716 1719 745 1763 et
758 1709 827 1764 Per·

82 1787 191 1856 diceas,
204 1790 328 1866 genibus
339 1789 476 1858 advoluti,
489 1799 574 1848 orant
585 1805 623 1844 ne
636 1786 667 1842 in
680 1797 744 1843 tam
753 1802 831 1858 prae·

81 1868 164 1942 cipiti
178 1872 224 1926 rra
232 1881 411 1944 perseveret,
421 1866 609 1942 spatiumque
618 1862 717 1940 potitis
731 1861 830 1920 auimo

81 1947 149 2013 det;
171 1948 270 2005 omnia
282 1959 401 2021 postero
415 1947 463 2004 die
480 1944 590 2024 justitia
604 1954 830 2001 exsecuturum.

83 2025 142 2082 Sed
155 2027 263 2084 clausae
279 2036 362 2084 erant
382 2043 476 2096 aures,
493 2028 696 2115 obstrepente
692 2021 755 2080 ire·
777 2021 830 2078 ita-

83 2122 140 2177 que
153 2102 299 2179 impotens
312 2105 403 2162 animi
425 2101 598 2179 percurrit
590 2121 622 2160 ιιι
635 2102 726 2176 regiae
741 2099 829 2157 vesti·

82 2183 204 2273 bulum·
227 2194 257 2240 et
270 2182 353 2259 vigili
367 2183 521 2242 excubanti
535 2183 619 2240 hasti
628 2182 744 2272 ablata,
760 2196 829 2235 con-

84 2261 155 2320 stitit
168 2259 199 2320 in
217 2260 297 2319 aditu
315 2281 373 2336 quo
393 2279 515 2320 necesse
537 2272 601 2318 erat
617 2259 654 2315 iis
673 2277 725 2349 qur
716 2256 828 2314 simul

85 2351 270 2400 coenaverant
292 2339 403 2416 egredi.
444 2340 586 2398 Abierant
605 2337 716 2406 caeteri,
731 2335 828 2406 Clitus

85 2419 243 2478 ultimus
221 2437 285 2479 stne
294 2417 407 2476 lumine
422 2418 527 2478 exibat.
568 2417 665 2489 Quem
679 2434 732 2474 rex
748 2414 829 2490 quis-

84 2518 151 2558 nam
161 2509 250 2566 esset,
258 2498 432 2573 interrogem
445 2498 602 2565 emrnebat,
611 2496 699 2554 etram
707 2513 737 2552 m
746 2511 829 2557 voce,

85 2575 202 2636 sceleris
226 2578 305 2650 quod
325 2579 444 2651 parabat
463 2577 624 2636 atrocitas.
643 2586 673 2632 et
685 2572 773 2642 ille,
763 2590 828 2648 jam

85 2675 138 2714 non
152 2673 214 2714 suae
225 2657 278 2713 sed
292 2655 371 2728 regis
385 2655 437 2714 irae
452 2674 577 2722 memor,
590 2653 704 2712 Clitum
719 2669 783 2708 esse
798 2658 828 2704 et

85 2737 118 2798 de
131 2735 269 2794 convivio
283 2735 365 2793 exire
379 2733 538 2822 respondit
560 2734 636 2792 Haec
650 2726 774 2788 dicentis
786 2729 827 2787 la
