1875 3267
427 283 489 346 383

81 423 181 500 guinei
204 421 379 488 nominatim
399 425 555 504 perscripti
577 430 654 488 sint:
677 448 727 488 seu
748 430 824 486 rale-

80 503 182 562 tudine
206 508 447 581 praepediebatur,
470 525 523 563 seu
544 508 638 564 victus
659 511 740 565 luctu
762 507 823 564 ani-

80 600 161 650 mus,
181 585 419 660 magnitudinem
442 587 513 642 mali
532 586 663 661 perferre
682 587 747 643 visu
764 603 823 642 non

78 663 221 718 toleravit.
243 665 266 720 F
267 661 372 720 acilius
385 664 569 734 crediderim,
584 663 705 720 Tiberio
718 676 747 721 et
763 668 823 723 Au-

80 743 179 822 gustei,
193 741 249 816 qui
271 743 358 800 domo
372 761 429 800 non
444 745 634 811 excedebant,
647 742 823 800 cohibitam:

78 827 112 876 ut
126 839 180 894 par
194 837 312 889 moeror,
321 833 349 886 et
362 823 464 878 neutris
478 825 615 896 exemplo
628 822 691 877 avia
704 840 823 896 quoque

79 909 110 954 et
122 909 246 972 patruus
260 899 375 958 attineri
396 901 570 958 viderentur.
611 900 684 957 Dies
705 919 764 974 quo
777 918 824 956 re·

78 975 202 1057 linquiae
220 981 335 1036 tumulo
359 980 488 1056 Augusti
509 978 714 1046 inferebantur,
733 976 823 1034 modo

78 1069 133 1130 per
148 1057 298 1113 silentium
309 1069 416 1125 vastae,
426 1057 515 1115 modd
529 1060 688 1130 ploratibus
698 1057 823 1129 inquieS,

76 1137 166 1208 plena
180 1137 259 1192 urbis
273 1135 385 1205 itinera,
400 1139 591 1194 conlucentes
608 1153 662 1210 per
683 1151 823 1206 campum

78 1215 187 1270 Martis
208 1213 295 1282 facee,
313 1215 373 1272 illic
396 1215 484 1272 miles
498 1233 567 1272 cum
582 1215 682 1282 armis,
696 1211 758 1269 sine
779 1213 822 1268 in-

79 1292 215 1368 signibus
227 1292 428 1368 magistratus,
437 1296 563 1368 populus
575 1310 629 1364 per
640 1295 742 1359 tribus,
754 1310 823 1348 con-

78 1371 184 1428 cidisse
207 1371 313 1444 liemp.
341 1373 414 1430 nihil
435 1371 668 1447 speireliquum
693 1369 822 1435 elamita:

77 1453 156 1519 baut,
178 1449 325 1524 promtius
345 1450 535 1526 apertiusque
557 1450 647 1525 quim
668 1463 700 1508 ut
717 1447 821 1505 memi-

77 1527 159 1586 nisse
183 1529 412 1602 imperitantium
435 1533 579 1586 crederes
619 1529 703 1586 Nihil
723 1540 821 1584 tamen

79 1609 238 1666 Tiberium
252 1609 347 1682 magis
362 1609 535 1682 penetrarit,
550 1607 640 1682 qulam
661 1607 756 1663 studia
769 1607 820 1660 ho·

78 1688 196 1745 minum
219 1705 341 1744 accensa
362 1690 391 1744 in·
416 1685 708 1762 Agrippinam,crim
729 1686 820 1739 decus

77 1765 193 1840 patriae,
215 1768 311 1824 solum
335 1767 465 1842 Augusti
493 1766 677 1839 sanguinem,
699 1761 821 1818 unicum

78 1842 260 1920 antiquitatis
273 1839 424 1918 specimen
436 1845 625 1918 appellarent,
638 1841 775 1915 versique
784 1841 820 1896 ad

77 1923 190 1980 coelum
203 1942 236 1980 ac
252 1924 321 1988 deos
334 1924 482 1998 integram
504 1921 546 1977 illi
566 1923 705 1987 sobolem,
719 1937 753 1974 ac
772 1938 821 1974 su·

77 2003 232 2077 perstitem
247 2003 413 2076 iniquorum
424 2011 624 2076 precarentur.
663 1995 820 2070 Fuerequi

76 2081 189 2155 publici
211 2080 321 2138 funeris
343 2097 483 2156 pompam
496 2078 689 2154 requirerent,
703 2095 822 2149 compa·

76 2172 312 2235 rarentquequae
326 2158 355 2216 in
372 2161 506 2217 Drusum
520 2169 632 2233 patrem
648 2153 821 2214 Germanici

76 2241 192 2296 honora
212 2250 241 2295 et
259 2237 417 2316 magnilica
440 2242 596 2314 Augustus
618 2235 755 2292 lecisset:
777 2235 819 2305 ip·

76 2337 146 2375 sum
166 2316 275 2392 quippe
298 2317 460 2392 asperrimo
482 2316 598 2384 hiemis,
613 2315 752 2371 'licinum
773 2331 820 2368 us·

76 2415 137 2473 que
158 2413 360 2471 progressum,
380 2415 478 2470 neque
499 2395 704 2451 abscedentem
725 2390 820 2447 alcor-

75 2493 150 2552 pore
176 2477 266 2534 simul
293 2479 396 2532 urbem
422 2473 592 2533 intravisse:
627 2467 819 2527 circumfusas

75 2559 160 2614 lecto·
173 2552 363 2612 Claudiorum
381 2554 583 2626 luliorumque
597 2549 750 2624 imagines,
770 2549 819 2601 de-

75 2634 180 2692 fletum
195 2634 225 2690 in
238 2631 309 2703 loro,
323 2634 474 2690 laudatum
488 2649 541 2703 pro
554 2628 667 2693 rostris,
680 2635 786 2681 cuneta
800 2621 817 2679 zi

72 2711 238 2790 ‚majoribus
252 2724 376 2784 reperta,
391 2721 441 2768 aut
454 2727 523 2784 quae
534 2705 642 2782 posteri
653 2702 817 2790 invenerint

75 2791 234 2850 cumulata·
274 2795 317 2850 At
337 2789 515 2848 Germanico
533 2805 570 2844 ne
583 2783 682 2841 solitos
695 2781 817 2856 qmdem
