1875 3267
457 249 519 304 oss
571 323 574 329 1

115 396 217 452 onibus
231 394 321 459 collis,
335 412 426 468 quem
440 393 519 470 quia,
539 403 659 468 propter
680 392 856 469 magnitudi-

114 489 185 530 nem
206 472 346 528 circuitus
366 491 456 548 opere
477 472 682 546 circumplecti
701 491 760 528 non
773 482 856 548 potu·

63 589 66 594 -
115 564 204 618 erant,
225 553 317 608 nostri
341 553 507 612 necessario
521 549 597 628 pene
610 550 712 624 iniquo
726 555 808 619 loco;
829 560 856 606 et

114 627 218 686 leniter
226 630 341 698 declivi,
355 643 448 689 castra
462 631 606 690 fecerunt.
627 631 703 687 Haec
716 633 752 688 C.
761 629 857 688 Antis·

112 707 171 764 tius
196 708 330 782 Reginus
351 721 379 767 et
402 713 435 768 C.
450 711 592 768 Caninius
615 709 747 776 Rebilus,
771 709 858 783 legati

113 803 183 842 cum
210 804 233 844 rr
258 788 422 864 legionibus
439 790 615 846 obtinebant.
656 787 792 863 Cognitis
805 804 858 861 per

112 862 312 938 exploratores
326 869 502 943 regionibus,
512 870 604 925 duces
617 868 747 925 hostium
761 886 780 923 v
793 864 858 921 mil·

112 942 153 1002 lia
173 963 211 1000 ex
235 946 316 1001 omni
336 965 461 1004 numero
485 947 620 1021 deligunt
636 965 740 1003 earum
762 942 858 1001 civita·

112 1033 190 1090 tum,
204 1043 270 1098 quae
285 1025 448 1085 maximam
462 1026 576 1083 virtutis
584 1025 760 1100 opinionem
774 1025 858 1079 habe·

112 1102 202 1158 baut:
224 1103 303 1176 quid,
331 1121 445 1180 quoque
467 1114 563 1177 pacto,
588 1107 636 1180 agi
663 1106 790 1177 placent,
812 1120 858 1157 oc·

114 1179 193 1236 culte
213 1181 288 1239 inter
311 1203 342 1240 se
356 1184 543 1241 constituunt.
586 1183 721 1240 Adeundi
740 1194 858 1255 tempus

113 1257 263 1324 definiunt,
286 1261 380 1336 qudm
402 1262 542 1320 meridies
560 1281 625 1320 esse
639 1263 779 1318 videatur.
820 1259 858 1316 iis

113 1337 206 1408 copiis
220 1339 248 1394 V
250 1340 482 1414 ergasillaunum
496 1343 673 1406 Arvernum,
699 1357 795 1396 uuum
820 1356 857 1394 ex

113 1431 143 1472 iv
157 1415 287 1484 ducibus,
298 1419 498 1492 propinquum
508 1418 775 1494 Vercingetorigis,
783 1432 857 1487 prae-

112 1491 224 1551 ficiunt.
253 1497 305 1552 lile
319 1515 357 1554 ex
371 1497 477 1554 castris
490 1498 586 1571 prima
600 1494 700 1572 vigilis
713 1512 857 1571 egressus,

113 1573 202 1646 prope
214 1574 345 1632 coniecto
355 1577 407 1633 sub
419 1578 520 1632 lucem
530 1573 642 1645 itinere,
652 1586 718 1650 post
725 1583 856 1631 montem

114 1669 144 1706 sc
166 1653 333 1717 occultavit,
355 1654 523 1729 militesque
548 1673 586 1711 ex
606 1665 751 1710 nocturno
765 1653 856 1709 labore

114 1748 178 1786 sese
194 1733 315 1790 reficere
327 1734 436 1811 jussit:
458 1732 553 1806 qmim
573 1732 636 1810 jam
650 1731 793 1789 meridies
812 1747 857 1803 ap·

113 1812 313 1885 propinquare
327 1813 485 1879 videretur,
508 1813 544 1868 ad
565 1830 598 1868 ea
612 1821 716 1878 castra,
729 1828 799 1883 quae
813 1825 857 1864 su-

112 1886 167 1959 pra
195 1893 470 1957 demonstravimus,
497 1889 655 1956 contendit,
697 1889 855 1961 eodemque

111 1979 247 2040 tempore
261 1971 409 2044 equitatus
426 1973 461 2029 ad
480 1980 658 2044 campestres
680 1965 856 2024 munitiones

114 2049 262 2116 accedere,
285 2062 314 2105 et
336 2051 458 2124 reliquae
483 2049 575 2122 copiae
599 2065 665 2105 sese
688 2063 744 2118 pro
759 2044 857 2101 castris

114 2126 267 2182 ostendere
282 2139 442 2202 coeperunt.
485 2126 715 2200 Vercingetorix
739 2143 779 2181 ex
793 2141 856 2179 arce

114 2203 223 2260 Alesiae
239 2225 306 2262 suos
322 2208 514 2280 conspicatus,
527 2225 565 2262 ex
578 2205 685 2279 oppido
701 2203 858 2279 egreditur.

113 2281 245 2339 <icastris
260 2287 421 2360 longurios,
434 2287 595 2349 musculos,
618 2284 718 2350 falces,
736 2278 858 2351 reliqua-

113 2381 182 2436 que,
205 2379 272 2436 quae
287 2363 447 2437 eruptionis
461 2368 548 2421 causti
562 2374 727 2438 paraverat,
739 2357 858 2434 profert.

115 2444 266 2514 Pugnatur
289 2461 347 2500 uno
369 2454 502 2514 tempore
516 2441 652 2498 omnibus
673 2440 754 2506 locis,
773 2447 858 2510 atque

114 2520 213 2576 omnia
226 2529 380 2577 tentantur.
402 2522 478 2590 Quae
489 2518 612 2576 minime
620 2519 684 2577 visa
696 2537 765 2592 pars
775 2515 859 2571 firma

114 2618 191 2658 esse.
213 2597 271 2654 iuic
293 2600 487 2657 concurritur.
528 2601 731 2656 Romanorum
752 2611 858 2651 mouns

113 2675 201 2731 tantis
216 2673 428 2733 munitionibus
442 2676 605 2743 distinetur,
625 2695 681 2734 nec
694 2675 781 2732 facile
796 2675 857 2746 plu·

113 2751 193 2808 ribus
219 2753 289 2810 locis
315 2756 455 2812 occurrit.
494 2750 629 2815 Multum
650 2757 687 2814 ad
707 2754 858 2812 terrendos
