1875 3267
441 295 470 340 ,·
497 270 559 342 3Ζ2

152 415 273 485 consilii,
294 417 442 485 cohortes,
465 435 534 492 qnae
557 417 587 474 in
608 415 782 484 stationibus
801 422 888 482 erent,

152 514 254 553 secum
270 495 299 551 in
319 515 386 554 earn
399 509 515 569 partem
528 494 684 570 proficisci,
698 498 771 552 duas
785 496 815 551 in
835 506 889 548 sra-

150 571 261 634 tionem
274 575 441 643 succedere,
455 573 583 650 reliquas
599 573 716 643 armari,
736 581 767 630 et
780 571 889 629 coufes-

150 649 204 708 tim
218 654 254 708 ne=
266 655 413 728 subsequi,
424 653 520 730 jussit.
560 650 663 724 Quiun
677 651 764 726 panici
773 649 889 727 longius

150 727 168 786 ri
181 733 284 788 castris
298 733 499 806 precessisset‚
513 725 581 788 suns
594 733 629 788 ab
643 732 776 788 hostibus
786 728 889 804 premi,

149 819 236 882 atque
258 809 333 888 agre}
350 811 502 878 sustinere,
525 820 556 866 et
578 808 712 866 conferre
724 808 840 886 legione
850 826 888 864 eu

148 888 288 947 omnibus
308 890 437 962 panibus
463 891 522 946 teia
538 889 653 965 conjici
677 887 887 946 animadvertit.

150 966 181 1022 N
182 985 231 1022 arn
244 967 332 1043 quiid,
344 968 425 1024 omni
438 987 477 1026 ex
486 966 607 1041 reliquis
615 967 887 1042 partibusdcmessn

150 1043 307 1115 frumento,
316 1063 375 1104 una
388 1057 528 1120 parserat
540 1042 661 1122 reliqua,
671 1041 813 1118 suspicati
825 1045 888 1099 hos·

149 1133 195 1182 tes
209 1122 267 1190 hrie
287 1136 401 1181 nostros
421 1144 486 1181 esse
502 1136 651 1191 venturos
664 1139 753 1180 noctu
765 1123 796 1179 in
810 1122 886 1178 silvis

149 1201 329 1259 delituerant.
370 1201 452 1260 Tum
465 1203 621 1276 dispersos,
638 1201 778 1276 depositis
791 1202 885 1269 armis

148 1277 179 1336 in
193 1284 330 1338 metendo
344 1295 503 1356 occupatos
517 1279 611 1338 subit&
624 1280 726 1346 adoni,
737 1277 885 1355 paucisin-

149 1357 286 1428 teri'ecris,
299 1361 426 1434 reliquos
440 1359 558 1417 incertis
577 1359 725 1416 ordinibus
738 1360 883 1434 perrurbn·

148 1448 270 1493 rerunt:
293 1438 381 1495 simul
390 1437 631 1512 equitatumque
640 1437 751 1495 essedis
762 1439 882 1494 circuni

146 1515 292 1574 dederant.
313 1516 417 1574 Genus
439 1518 494 1574 hoc
518 1528 563 1575 est
582 1535 621 1574 ex
635 1517 745 1574 essedis
758 1534 880 1592 pugnae:

147 1595 244 1666 primi>
265 1611 318 1667 per
338 1612 441 1652 omnes
463 1606 560 1670 partes
575 1594 773 1671 perequitant.
791 1597 882 1652 eccela

148 1673 319 1751 conjiciunt,
345 1684 431 1748 atque
453 1676 518 1748 ipso
542 1687 654 1731 terrore
680 1693 835 1748 equorum,
857 1689 881 1729 ct

147 1754 268 1827 strepitu
283 1765 424 1822 rotarum,
439 1753 557 1811 ordines
575 1755 751 1827 plerumque
772 1765 880 1828 penui·

146 1833 233 1888 bant:
255 1845 283 1890 et
296 1830 391 1908 qurim
405 1852 436 1890 se
450 1833 524 1888 inter
544 1833 679 1905 equitum
692 1843 806 1890 turmas
819 1832 881 1888 insi
912 1840 914 1865 ¹

146 1915 286 1979 nuarere,
296 1931 334 1968 ex
347 1912 456 1968 essedis
467 1910 613 1978 desiliunt,
625 1922 655 1966 et
672 1911 799 1983 pedibus
810 1928 881 1985 prae·
910 1892 913 1961 i

146 1987 260 2047 liuntur.
280 1989 404 2065 Aurigae
418 1986 537 2047 interim
549 1986 671 2063 paulum
685 1986 703 2045 ei
719 1991 824 2060 praeiin
836 2008 882 2045 ex·

147 2069 263 2136 cedunt,
276 2078 362 2143 atque
376 2067 417 2126 itr
430 2088 461 2127 se
476 2071 626 2134 collocant,
640 2077 673 2123 ut
686 2067 710 2122 si
724 2069 765 2124 iui
780 2067 797 2125 :i
810 2071 881 2124 mui-

144 2144 267 2202 titudine
294 2146 423 2204 hostium
449 2159 631 2222 premantur,
654 2148 827 2219 expeditum
849 2148 880 2202 ad

146 2241 214 2280 suos
228 2237 381 2300 receptum
392 2227 526 2284 habeant.
547 2226 593 2281 iti
601 2223 795 2282 mobilitatem
805 2224 879 2300 equi·

146 2303 409 2373 tum,srabilitatem
418 2305 552 2379 pediturn
561 2305 591 2360 in
602 2300 714 2376 praeliis
723 2314 877 2374 praesrant:

145 2401 179 2440 ac
194 2379 308 2440 tannim
322 2399 377 2440 usu
392 2383 568 2458 quotidiano,
582 2393 611 2438 et
625 2383 835 2440 exercitatione
844 2381 878 2438 es-

144 2459 256 2528 ficiunt,
270 2471 301 2516 ut
315 2460 344 2516 in
357 2461 470 2529 declivi,
482 2480 515 2518 ac
526 2458 669 2534 praecipiti
678 2464 743 2518 loco
752 2461 879 2518 incitatos

143 2555 234 2610 equos
248 2538 403 2608 sustinere,
411 2549 440 2594 et
447 2539 527 2596 brevi
542 2540 696 2610 moderari,
710 2558 745 2597 ae
755 2541 878 2607 flectere,

141 2626 172 2670 et
186 2631 239 2686 per
258 2625 407 2672 temonem
427 2633 611 2689 percurrere,
625 2625 654 2672 et
668 2619 698 2674 in
709 2617 786 2693 jugo
801 2619 876 2675 insis-

139 2699 213 2758 tere,
234 2701 263 2746 et
283 2689 350 2747 inde
368 2711 398 2749 se
416 2693 445 2748 in
463 2713 567 2751 currus
586 2695 728 2753 citissime
748 2698 873 2771 recipere

138 2769 350 2826 consueverint.
382 2768 499 2842 Quibus
516 2775 611 2843 rebus,
626 2775 807 2846 perturbaris
817 2793 873 2834 nos·
