1875 3267
465 286 524 344 164

127 464 195 507 man
207 442 384 517 refugerant,
404 434 545 496 erederet,
565 422 750 497 complorati
768 436 857 477 omnes

128 524 235 604 pariter
248 518 315 586 vivi,
337 512 515 584 mortuique,
530 516 622 563 totam
646 498 747 577 prope
770 498 856 554 urben

126 598 263 661 lamentis
276 596 478 669 impleverunt.
504 584 637 644 Privatos
650 576 764 638 deinde
778 576 857 631 luctus

129 677 283 755 stupefecit
303 671 436 747 publicus
464 680 564 739 paror,
583 658 750 737 postquam
778 657 858 711 hostes

130 761 231 819 adesse
247 750 418 811 nunciatum
431 754 476 801 est
488 765 495 812 ;
510 760 581 799 mox
593 740 740 800 ululatus,
761 742 858 791 cannis·

110 847 115 855 '
131 856 187 911 que
201 835 341 897 dissonos,
348 820 519 900 vagantibus
536 818 617 873 eirea
635 816 755 873 moenia
768 822 859 868 turma·

131 912 186 973 tim
197 909 334 970 barbaris,
347 903 507 961 audiebant.
547 900 647 955 Omne
667 892 740 949 inde
756 903 858 963 tempus

134 1007 290 1067 suspensos
297 986 337 1043 itai
345 980 440 1039 tenuit
450 971 661 1045 animosusque
674 973 715 1030 ad
726 974 826 1027 lucem
835 968 859 1021 al·

134 1071 239 1134 teram,
250 1077 286 1123 ut
298 1060 455 1121 identidem
469 1056 531 1133 jam
543 1054 573 1109 in
585 1053 691 1108 urbem
707 1042 861 1106 futurusvi·

135 1153 254 1209 deretur
275 1144 404 1215 impetus
416 1136 512 1208 primo
525 1131 657 1196 adventu,
665 1146 731 1201 quo
746 1141 862 1183 accesse-

137 1236 201 1286 rant
209 1226 244 1282 ad
253 1223 369 1286 urbem3
380 1229 533 1272 mansuros
544 1206 622 1266 enim
636 1208 673 1263 ad
687 1205 807 1264 Alliam
814 1200 864 1259 fuis-

138 1324 179 1372 se,
193 1301 249 1358 nisi
261 1301 316 1353 hoc
333 1291 446 1351 consilii
464 1290 546 1345 foret.
573 1282 688 1341 Deinde
705 1286 765 1341 sub
778 1298 864 1337 occas·

138 1400 204 1439 sum
218 1376 303 1441 Solis,
316 1373 382 1447 quia
389 1369 467 1425 haud
480 1367 610 1422 multum
632 1362 692 1419 diei
714 1372 865 1435 supererat.

139 1456 204 1516 ante
218 1462 336 1511 noctem
348 1448 400 1506 rati
422 1463 452 1500 se
474 1442 648 1509 invasuros;
669 1453 737 1499 tum
761 1438 795 1495 in
816 1456 867 1494 uoc-

139 1546 201 1595 tem
220 1532 345 1605 dilatum
366 1523 519 1583 eonsilium
545 1522 618 1588 esse,
638 1517 701 1595 qud
726 1520 803 1595 plus
832 1536 867 1591 pi-

139 1612 218 1671 voris
247 1607 395 1667 inferrent.
429 1598 596 1659 'Postremd
627 1600 678 1654 lux
720 1597 869 1671 appropin-

142 1710 235 1769 quans
248 1686 432 1747 exanimare:
446 1678 604 1752 timorique
618 1687 769 1750 perpetuo
784 1674 869 1747 ipsum

142 1768 410 1829 malum-continens
422 1762 484 1827 fuit,
499 1755 589 1831 quum
599 1754 682 1829 signa
693 1751 810 1810 infesta
819 1771 872 1827 por·

143 1849 182 1906 tis
198 1858 265 1905 sunt
276 1846 362 1903 illata.
409 1833 602 1913 Nequaquam
617 1842 715 1889 temen
730 1835 772 1887 eia
787 1846 873 1887 noete.

144 1924 241 1999 neque
260 1919 422 1995 insequenti
447 1916 494 1973 die
508 1913 610 1976 similis
629 1909 680 1979 illi,
694 1927 766 1983 quae
781 1912 819 1967 ad
834 1912 874 1966 Al-

145 2004 215 2059 liam
231 2012 292 2058 tarn
305 1997 405 2071 pavide
418 1996 544 2070 fugerat,
567 1988 668 2046 civitas
690 1986 760 2062 fuit.
805 1988 876 2045 Nan

148 2078 242 2155 quum
255 2075 366 2133 delendi
378 2076 481 2130 urbem
494 2088 587 2145 posse,
598 2077 659 2125 tam
671 2066 764 2141 parvzi
781 2068 880 2123 retica

149 2173 247 2223 manu,
257 2172 325 2228 spes
337 2152 416 2207 nulla
437 2162 524 2219 esset,
544 2145 652 2223 placuit
665 2164 733 2203 curn
747 2144 881 2222 conjugi·

148 2238 203 2291 bus
216 2252 247 2291 ac
263 2230 360 2289 liberis
370 2228 552 2307 juventutem
567 2224 734 2292 militarem,
747 2227 882 2281 senatus-

152 2331 209 2385 que
223 2313 319 2378 robur,
338 2310 368 2366 in
380 2326 489 2374 arcem,
498 2302 729 2379 Capitoliumque
739 2304 883 2358 co'nscen·

151 2392 219 2447 ‹lere
234 2410 241 2443 ε
263 2388 410 2461 armisque
423 2397 452 2443 et
464 2384 611 2441 frumento
625 2379 743 2448 collatis,
762 2400 811 2437 ex
830 2383 885 2435 lou

154 2468 219 2525 inde
231 2468 344 2525 munito
357 2467 447 2533 Deos,
460 2461 651 2534 hominesque
670 2450 699 2517 e't
712 2456 872 2516 Romanu.

133 2549 136 2553 ’
153 2563 260 2602 nomen
270 2544 435 2598 defendere.
474 2538 646 2603 Flaminem,
659 2538 886 2610 sacerdotesqu:

154 2624 299 2686 Vestales,
319 2635 401 2674 sacra
413 2616 529 2686 publiea
554 2617 571 2669 a
592 2616 681 2681 caede,
693 2614 728 2669 ab
742 2614 889 2671 incendii,

155 2700 257 2772 procul
270 2694 384 2753 auferre
396 2712 403 2745 ε
420 2710 473 2747 nee
483 2688 547 2746 ante
557 2692 648 2747 deseri
659 2694 775 2747 cultum
786 2711 891 2749 eorum

157 2793 247 2846 quam
258 2789 316 2828 non
330 2778 514 2839 superessent
536 2768 585 2840 qui
605 2769 741 2825 colerent.
782 2770 818 2826 Si
834 2790 894 2827 arr,

159 2848 393 2922 Capitoliumque
406 2844 489 2900 sedes
502 2845 643 2912 Deorum,
657 2844 682 2901 si
696 2847 835 2905 Senatus
855 2867 895 2904 ca-
