1875 3267
443 209 504 264 132

112 353 236 414 munitis
247 352 359 424 castris,
371 352 472 430 quieti,
483 351 671 411 remnullam
682 348 744 419 nisi
757 368 870 409 neces·

114 434 219 490 sariam
236 435 270 490 ad
293 431 407 490 victum
430 433 582 499 sumendo,
601 448 656 506 per
668 431 791 508 aliquot
804 431 869 487 dies
915 506 917 511 Ι

114 530 208 586 neque
230 511 367 578 lacessiti,
386 527 482 585 neque
504 513 682 567 lacessentes
695 528 768 566 sese
783 519 870 564 tenu·
915 514 917 567 l

116 592 175 645 ere.
214 591 307 647 Pavor
331 591 435 664 ingens
449 591 479 645 in
493 592 576 660 urbe,
595 598 744 662 metuque
759 595 870 644 mutuo
915 582 917 643 Ι

116 681 258 744 mspensa
270 677 351 726 erant
362 668 469 724 omnia.
499 668 621 724 Timere
633 667 741 723 relicta
754 668 797 722 ab
810 666 871 722 suis

116 747 215 818 plebes
228 747 393 804 violentiam
405 757 535 820 potrum,
554 747 660 804 timere
672 747 785 801 Patres
799 745 870 800 resi·

118 823 187 882 dem
199 823 230 882 in
242 828 311 882 urbe
324 825 450 896 plebem,
470 825 583 894 incerti,
601 841 724 881 manere
745 841 823 880 eam
834 841 870 878 an

118 901 198 961 abire
214 905 342 971 mallent,
361 900 451 975 quiem
470 901 522 959 dili
541 914 642 961 autem
659 902 871 975 tranquillam,

117 999 188 1056 quae
209 979 370 1049 secesserit,
388 980 612 1040 multitudinem·
627 979 709 1038 fore?
731 979 813 1053 quid
826 979 870 1037 lu·
915 1012 917 1045 :

119 1068 221 1119 turum
233 1057 345 1127 deinde,
365 1059 390 1116 si
403 1060 483 1134 quod
494 1069 653 1117 externum
668 1059 801 1116 interim
812 1061 871 1115 bel-
915 1074 917 1085 ·

122 1139 184 1196 lum
199 1137 325 1196 existat?
364 1139 484 1196 Nullam
496 1135 646 1213 profecto,
664 1138 722 1193 nisi
743 1135 783 1192 in
804 1156 870 1194 eon·

121 1216 221 1274 cordilt
241 1216 359 1286 civium,
378 1233 463 1288 spem
483 1217 626 1291 reliquam
646 1218 779 1282 ducere;
803 1235 867 1272 eam

120 1307 176 1370 per
190 1312 282 1368 aequa,
294 1312 348 1368 per
359 1293 469 1368 iniqua,
489 1296 734 1352 reconciliandam
756 1292 869 1350 civitati

122 1391 197 1429 esse.
225 1373 336 1429 Placuit
349 1369 439 1446 igitur
450 1385 594 1432 oratorem
606 1376 642 1432 ad
654 1374 778 1446 plebem'
790 1371 867 1429 mitti

123 1446 298 1506 Menenium
320 1451 497 1526 Agrippam,
523 1449 819 1520 facundum'virurm
840 1462 866 1506 et

124 1527 202 1602 quod
214 1525 280 1585 inde
292 1527 434 1586 oriundus
448 1540 518 1598 erat,
537 1531 611 1602 plebi
625 1547 740 1586 carum.
774 1531 809 1586 Is
825 1528 866 1586 in·

123 1604 277 1664 tromissus
291 1605 321 1663 in
333 1618 436 1679 eastra,
455 1610 553 1682 prisco
561 1607 615 1665 illo
628 1608 745 1665 dicendi
758 1618 791 1663 et
799 1609 865 1664 hor·

125 1685 188 1742 rido
200 1686 300 1756 modo,
318 1685 392 1743 nihil
403 1688 481 1745 aliud
493 1685 583 1760 quim
593 1689 650 1745 hoc
662 1704 799 1744 narrasse
811 1685 865 1742 fer-

125 1775 184 1822 tur.
225 1765 375 1840 Tempore
389 1765 491 1840 quoin
505 1765 633 1834 homine,
644 1783 712 1831 non,
729 1774 763 1820 ut
773 1782 864 1833 nunc,

72 1852 74 1858 '
127 1841 225 1902 omnia
246 1843 277 1898 in
301 1862 395 1901 unum
418 1844 643 1913 consentiebant,
668 1844 718 1900 sed
741 1842 864 1918 singolis

127 1919 269 1980 membris
280 1939 369 1978 suum
381 1922 486 1997 cuique
498 1921 661 1991 consilium,
680 1938 754 1978 suus
766 1940 863 1979 sermo

127 1997 232 2066 fuerat,
251 1997 415 2073 indignatas
435 2000 561 2073 reliquas
582 2012 688 2075 partes,
710 2003 765 2056 susi
782 2003 861 2068 euri,

129 2094 185 2134 suo
197 2077 293 2133 labore
307 2095 340 2132 ac
353 2077 516 2135 ministerio
528 2076 621 2135 ventri
633 2077 733 2136 omnia
752 2078 859 2153 quaen‘:

130 2163 266 2213 ventrem
279 2152 309 2209 in
322 2155 420 2213 medio
430 2157 573 2230 quietum,
591 2156 664 2214 nihil
673 2157 761 2223 aliud,
771 2155 860 2232 quim

130 2232 203 2292 datis
216 2233 409 2308 voluptatibus
422 2234 490 2292 frui.
530 2236 720 2309 conspirasse
732 2233 806 2303 inde,
825 2254 860 2293 ne

129 2329 236 2370 manus
249 2312 284 2370 ad
296 2328 329 2368 os
343 2311 443 2370 cibum
456 2313 572 2379 ferrent,
592 2332 648 2370 nec
667 2334 702 2372 os
721 2315 861 2388 acciperet

115 2454 116 2462 χ
131 2392 241 2458 datum,
258 2407 313 2448 nec
326 2392 428 2450 dentes
441 2393 633 2461 conficerent;
654 2394 711 2449 hac
728 2393 771 2450 irat
792 2394 859 2452 dum

132 2478 266 2528 ventrem
278 2468 355 2526 fame
368 2472 487 2528 domare
499 2473 615 2536 vellent,
628 2471 690 2546 ipsa
702 2468 759 2528 una
771 2489 859 2528 mem·
915 2466 917 2519 ἶ

132 2551 193 2616 bra,
211 2557 362 2621 totumque
383 2567 502 2624 corpus,
521 2551 557 2606 ad
579 2561 743 2606 extremam
768 2553 859 2616 tabem
915 2568 917 2585 ¹

133 2627 258 2683 venisse.
279 2625 349 2682 Inde
358 2625 534 2702 apparuisse,
543 2628 652 2685 ventris
665 2647 778 2702 quoque
787 2629 859 2685 haud
915 2632 917 2697 ζ

134 2723 225 2782 segne
236 2703 432 2764 ministerium
446 2726 528 2764 esse:
542 2725 597 2764 nec
611 2707 706 2784 magis
719 2707 764 2777 ali,
776 2705 857 2781 quini
