1875 3267
428 306 488 384 ¹9³

80 465 232 520 mentum
245 452 284 513 sit
295 452 431 528 posteris,
450 454 503 510 tua
520 451 660 528 prasenti
672 471 729 530 ope
742 471 840 516 serra·

75 547 151 595 tam
164 537 273 592 urbem
286 551 361 605 esse,
372 551 473 590 voveo.
503 534 579 590 Haec
591 545 736 609 precatus,
747 537 839 593 veluti

75 613 231 674 sensisset
238 611 351 672 auditas
359 630 475 688 preces,
485 611 577 681 Hinc,
587 610 691 687 inquit,
700 614 839 685 Romani,

77 692 208 769 Jupiter
221 691 354 766 optimus
366 690 521 749 maximus
533 690 672 749 resistere
684 702 772 767 atque
785 695 843 752 ite·

78 789 154 844 rare
168 787 303 846 pugnam
322 769 414 849 jubet
455 770 607 828 Restitere
626 769 762 839 Romani,
776 782 841 829 tan·

80 840 185 928 quam
204 850 317 906 caelesti
335 867 407 907 vore
427 847 514 926 jussi.
552 847 673 923 Ipsead
694 849 842 923 primores

86 930 243 989 Romulus
254 927 394 999 provolat.
434 926 561 985 Mettius
571 924 696 984 Curtius
708 929 745 984 ab
758 927 842 986 Sabi·

85 1007 139 1066 nis
153 1005 297 1080 princeps
309 1007 344 1062 ab
362 1023 429 1066 arce
450 1006 670 1074 decucurrerat,
689 1005 843 1064 eteffusos

89 1093 199 1161 egerat
221 1085 381 1152 Romanos,
400 1091 462 1139 toto
483 1086 627 1159 quantum
639 1082 703 1141 loro
716 1083 844 1158 spatium

90 1173 150 1222 est.
180 1163 212 1220 N
213 1181 247 1218 ec
259 1161 364 1235 procul
378 1158 442 1238 jam
455 1179 472 1217 a
484 1165 570 1233 porti
582 1161 687 1219 Palatii
699 1173 774 1232 erat,
786 1165 845 1220 cla·

90 1242 224 1300 ruitans:
243 1237 387 1298 ‚Vicimus
406 1236 537 1314 perfidos
553 1235 692 1310 hospites,
708 1240 842 1300 imbelles

91 1321 205 1378 hostes.
226 1319 294 1378 Jam
308 1317 406 1376 sciunt
426 1318 515 1394 longe
537 1317 617 1396 aliud
635 1337 700 1376 esse
714 1319 846 1397 virgines

91 1416 209 1474 rapere,
219 1396 297 1454 aliud
310 1411 443 1473 pugnare
457 1413 529 1453 cum
540 1393 621 1453 viris.
647 1397 682 1454 ln
692 1415 764 1455 eum
778 1399 844 1456 haec

93 1475 273 1554 gloriantem
294 1492 364 1531 cum
385 1475 473 1550 globo
492 1473 748 1534 ferocissimorum
760 1476 846 1554 juve·

93 1573 170 1613 num
184 1555 331 1612 Romulus
343 1553 489 1628 impetum
501 1551 579 1610 facit.
622 1554 671 1611 Ex
684 1573 763 1632 equo
776 1565 844 1613 tum

95 1631 172 1691 forte
184 1630 313 1689 Mettius
322 1633 489 1706 pugnabat:
511 1649 547 1688 eo
559 1631 629 1704 pelli
641 1631 757 1691 facilius
770 1633 824 1691 fuit
836 1656 845 1690 z

97 1714 222 1786 pulsum
235 1708 362 1766 Romani
373 1718 606 1782 persequuntur.
637 1709 679 1769 Et
687 1711 742 1767 alia
751 1728 847 1769 roma.

97 1807 137 1848 na
150 1788 229 1846 acies
242 1785 362 1844 audacia
373 1785 453 1860 regis
463 1801 598 1854 accensa,
606 1786 703 1844 fundit
715 1785 848 1847 Sabinos.

101 1867 226 1926 Mettius
239 1867 270 1923 in
283 1866 424 1940 paludem
437 1882 513 1932 sese,
525 1865 649 1938 strepitu
658 1865 847 1942 sequentium

99 1945 264 2024 trepidante
286 1962 372 2020 equo,
390 1942 534 2020 conjecit:
560 1945 782 2020 adverteretque
812 1965 848 2004 ea

103 2045 150 2084 res
162 2025 252 2082 etiam
264 2023 397 2093 Sabinos,
413 2021 487 2080 tanti
497 2022 629 2094 periculo
639 2022 705 2081 viri.
746 2025 786 2083 Et
798 2023 847 2083 ille

103 2104 226 2180 quidem
234 2100 428 2159 ammantibus
437 2121 472 2158 ac
482 2099 654 2165 vocantibus
663 2100 737 2171 suis,
748 2102 847 2162 favore

106 2181 264 2240 multorum
277 2179 376 2238 addida
387 2180 495 2244 animo,
509 2179 611 2237 eradit.
645 2181 781 2250 Romani,
794 2184 850 2241 Sa·

106 2259 223 2335 binique
243 2258 274 2316 in
287 2257 387 2317 medi-<i
406 2259 538 2315 convalle
559 2261 686 2315 duorum
698 2258 848 2318 montium

108 2340 304 2413 redintegrant
324 2334 482 2408 praelium3
504 2337 556 2395 sed
567 2354 617 2393 res
635 2337 769 2397 Romana
786 2350 849 2397 erat

111 2416 251 2490 superior.

148 2497 228 2551 Tum
241 2492 354 2550 Sabinae
367 2493 520 2559 mulieres,
542 2509 667 2567 quarum
687 2515 726 2552 ex
739 2494 850 2573 injuria

112 2575 217 2632 bellum
230 2581 328 2628 ortum
341 2582 412 2648 erat,
434 2572 562 2629 crinibus
575 2574 678 2645 passis,
697 2572 849 2648 scissaque

112 2661 201 2718 veste,
213 2650 290 2706 victo
302 2650 388 2708 malis
398 2650 535 2707 muliebri
543 2667 659 2723 pavore,
671 2667 751 2708 ausae
762 2668 792 2706 se
806 2650 851 2706 in·

113 2742 156 2788 ter
167 2730 225 2785 tela
243 2727 367 2785 volantia
378 2728 505 2786 inferre:
526 2745 565 2783 ex
579 2737 743 2785 transverso
756 2728 852 2800 impe·

116 2823 146 2868 tu
158 2807 241 2878 sacto,
254 2805 392 2865 dirimere
399 2805 518 2864 irrfestas
525 2805 613 2874 acies,
623 2805 764 2862 dirimere
772 2804 830 2864 iras
841 2824 850 2858 r
