1875 3267
440 223 501 326 127

67 391 221 448 rendered
232 393 279 446 but
289 391 330 445 lor
341 393 388 449 the
400 394 559 446 seasonable
571 393 620 446 aod
630 396 833 465 extraordinarii

65 474 204 526 prowess
214 460 246 510 of
256 462 362 512 Mucius
374 462 500 514 Scaevola.

115 567 158 624 C.
173 566 307 626 Moerus
315 569 484 626 adolescens
496 564 612 637 nobilis,
622 567 670 624 eui
678 555 834 646 indignum

69 642 250 713 videbatur,
282 649 426 722 populum
457 649 631 704 Romanum
655 648 832 708 servientem

72 720 183 796 quum
197 725 252 806 sub
270 724 390 800 regibus
404 740 492 794 esset,
511 727 594 782 nullo
613 725 699 792 bello,
720 744 774 783 nec
795 728 831 784 ab

73 801 224 859 hostibus
247 804 315 860 ullis
339 805 489 862 obsessum
510 819 594 870 esse;
615 803 741 861 liberum
751 824 836 862 eum·

75 881 156 939 dem
178 883 325 955 populum
350 885 384 938 ab
403 881 509 939 iisdem
535 881 671 939 Etruscis
699 881 834 953 obsideri,

80 975 223 1032 quorum
238 975 318 1033 saepe
331 961 479 1017 exercitus
491 961 617 1018 fuderit:
639 961 740 1033 itaque
752 981 835 1037 mag·

78 1053 125 1094 no
139 1037 308 1111 audacique
329 1038 425 1112 aliquo
445 1036 572 1096 lacinme
592 1057 660 1097 eam
679 1037 835 1113 indignita-

81 1124 150 1173 tem
165 1113 369 1175 vindicandam
383 1126 473 1184 ratus,
489 1116 587 1190 primd
600 1119 655 1174 sua
668 1128 773 1191 sponte
785 1136 835 1192 pe·

82 1203 206 1251 netrare
220 1193 251 1251 in
262 1195 390 1252 hostium
400 1206 497 1252 castra
506 1195 655 1252 constituit
666 1217 674 1252 ι
696 1196 764 1252 dein
773 1215 836 1252 me·

82 1281 186 1338 mena,
205 1291 244 1330 ne
263 1273 287 1328 si
306 1276 462 1342 consulum
475 1272 593 1350 injussu
606 1285 637 1332 et
648 1274 759 1350 ignaris
772 1293 836 1330 om·

83 1349 174 1410 nibus
186 1349 252 1420 iret,
261 1347 334 1412 forte
347 1353 549 1426 deprehensus
562 1351 578 1409 εὶ
592 1352 761 1412 custodibus
775 1355 835 1410 Ro·

85 1430 185 1488 manis
198 1431 395 1489 retraheretur
408 1441 442 1489 ut
454 1431 616 1506 transfuga,
637 1430 755 1489 fortuna
768 1441 834 1490 turn

89 1509 173 1566 urbis
186 1507 298 1566 crimen
308 1509 478 1580 affirmante,
488 1518 623 1567 senatum
631 1508 721 1572 adiit:
737 1510 833 1568 Tran-

90 1586 150 1646 sire
163 1585 307 1654 Tiberim,
316 1588 419 1660 inquit,
431 1591 542 1655 Patres,
554 1597 584 1644 et
595 1587 712 1658 intrare,
725 1587 750 1644 si
765 1606 834 1662 pos·

92 1663 160 1735 sim,
173 1675 268 1724 castra
280 1664 409 1724 hostium
422 1669 503 1723 volo:
516 1682 576 1721 nou
589 1667 701 1739 proedo,
712 1683 769 1722 nec
780 1684 833 1740 po·

92 1739 276 1820 puletionirm
296 1743 423 1801 invicem
442 1746 528 1802 ultor.
549 1742 659 1819 Majus,
682 1744 710 1800 si
723 1741 776 1800 Dii
786 1742 835 1821 ju·

78 1833 170 1894 -sant,
180 1822 211 1899 in
224 1821 323 1880 animo
336 1833 380 1880 est
389 1823 518 1880 facinus..
527 1823 701 1895 Approbant
711 1824 829 1880 Patres':

94 1901 187 1961 abdito
203 1902 280 1960 iutra
301 1911 414 1960 vestem
435 1899 522 1969 ferro',
535 1898 739 1974 proficiscitur.
772 1901 832 1956 Ubi

96 1979 225 2050 advenit,
239 1981 267 2038 in
276 1977 495 2038 confertissima
505 1981 589 2037 turba
602 1977 692 2052 prope
701 1978 831 2055 regium

96 2059 214 2120 tribunal
233 2057 373 2117 constitit.
394 2058 437 2116 Ibi
455 2057 549 2133 qudm
563 2056 742 2132 stipendium
757 2056 832 2115 forte}

97 2137 230 2198 militibus
243 2140 370 2208 daretur,
389 2147 419 2195 et
438 2136 534 2195 scriba
552 2155 625 2193 cum
644 2155 715 2212 rege
729 2137 832 2196 sedens

100 2217 158 2296 pari
178 2213 235 2274 fere
253 2225 359 2274 ornatu
376 2219 472 2276 multa
489 2226 601 2293 ageret,
626 2235 696 2274 eum
721 2215 832 2275 milites

101 2293 183 2372 vulgi)
192 2294 318 2354 adirent:
332 2293 442 2353 timens
451 2294 593 2353 sciscitari
605 2305 672 2357 uter
683 2297 831 2353 Porsenna

103 2383 180 2442 esset,
191 2391 226 2431 ne
239 2373 401 2450 ignorando
413 2384 519 2452 regem
532 2375 689 2448 semetipse
703 2373 831 2448 aperiret

103 2453 162 2530 quis
174 2463 255 2522 esset,
268 2452 327 2531 qud¹
347 2451 459 2512 temere
480 2453 572 2510 traxit
582 2451 699 2509 fortuna
709 2451 831 2518 facinus,

102 2534 216 2606 scribam
228 2548 282 2608 pro
305 2539 376 2606 rege
393 2535 556 2591 obtruncat.
585 2532 750 2588 Vadentem
763 2526 831 2585 inde

105 2611 155 2690 qual
172 2629 222 2687 per
238 2609 384 2682 trepidam
404 2613 521 2669 turbam
541 2620 664 2665 cruento
689 2623 832 2676 mucrone

106 2691 151 2750 sibi
166 2691 222 2768 ipse
236 2691 346 2746 secavit
358 2691 446 2758 viam,
465 2685 560 2762 quiam
574 2702 718 2743 concursu
730 2682 766 2738 ad
775 2683 833 2768 cla·

106 2787 205 2832 morem
222 2767 308 2837 facto,
322 2769 575 2843 comprehensum
595 2760 674 2835 regii
692 2758 831 2814 satellites
