1875 3267
429 200 490 258 118
544 227 589 300 '-

95 347 155 404 lem
181 363 266 404 esse:
295 343 494 414 salubriorem,
517 341 740 419 melioremque
766 339 863 417 inopi
913 408 915 413 ,

96 441 187 498 quam
199 424 327 496 potenti:
348 422 421 482 nihil
440 422 599 481 laxamenti
610 439 671 479 nec
682 420 789 480 veniae
805 423 861 478 ha·
913 428 915 491 ξ

57 559 59 566 ,
95 501 174 568 bere,
187 499 520 561 simodumexeesseris.
547 500 761 560 Periculosum
775 517 859 568 esse,
913 522 915 571 3

95 577 128 636 in
147 588 190 635 tot
210 578 347 646 humanis
366 577 521 650 erroribus,
541 579 604 637 solt
616 576 799 636 innocentie
812 578 858 635 ui·

95 671 174 712 rere.
195 657 248 725 Ita,
259 657 322 736 jam
333 659 388 715 suri
401 668 504 732 sponte
517 654 608 732 aegris
620 654 745 724 animis,
757 656 856 732 legati
913 696 915 725 ,

95 733 132 790 ab
144 734 264 810 regibus
276 735 495 811 superueniunt,
511 734 576 792 sine
598 731 757 794 mentione
771 732 855 791 redi·
913 738 915 821 j

96 814 239 880 liubona
257 813 372 873 tantum
389 822 567 888 repetentes.
619 813 741 870 Eorum
755 811 853 870 verba
913 836 915 905 i

95 891 253 966 postquem
272 892 304 952 in
323 902 424 950 senatu
443 889 543 949 auditu
563 900 640 962 sunt,
651 907 707 965 per
727 887 850 964 aliquot

95 968 158 1026 dies
170 987 205 1029 ea
217 970 391 1030 consultatio
397 969 492 1027 tenuit
502 989 511 1025 =
525 985 565 1027 ne
574 985 634 1026 non
642 966 850 1036 meditamen

53 1087 55 1094 ι
95 1064 215 1118 caussa;
241 1049 361 1119 reddita,
371 1047 441 1106 belli
452 1045 578 1106 materia
590 1059 621 1106 et
631 1045 849 1122 adjumentum
913 1058 915 1095 l

95 1135 203 1185 essent.
233 1129 357 1193 Interim
373 1125 461 1202 legati
474 1125 523 1184 alii
541 1124 598 1192 alia
617 1124 726 1191 moliri,
739 1123 848 1200 aperte

95 1204 171 1263 bona
184 1216 357 1280 repetentes,
370 1203 449 1262 claim
469 1202 661 1278 recuperandi
670 1201 760 1277 regui
772 1221 847 1262 con·

95 1281 159 1338 silla
171 1292 293 1341 struere.
307 1284 356 1353 Et,
367 1280 510 1357 tanquim
519 1283 556 1340 ad
568 1281 599 1339 id
610 1280 690 1356 quod
702 1281 755 1355 agi
765 1280 845 1338 vide·

94 1360 189 1429 batur,
200 1359 361 1418 ambientes
378 1359 520 1418 nobilium
539 1357 774 1440 adolescentiuni
781 1357 843 1416 ani·

94 1453 161 1492 mos
177 1445 351 1511 pertentant.
391 1439 421 1495 A
441 1439 549 1512 quibus
560 1436 673 1513 placide
685 1435 783 1494 oratio
793 1446 843 1495 ae·

96 1524 181 1587 cepta
194 1523 247 1584 est,
260 1515 308 1572 his
319 1514 432 1574 litteras
443 1517 480 1574 ab
500 1514 671 1590 Tarquiniis
687 1515 839 1574 reddunte

94 1599 126 1648 et
135 1594 171 1651 de
181 1592 357 1670 accipiendis
366 1595 444 1653 claim
459 1605 546 1652 nocte
558 1593 591 1652 in
600 1595 705 1652 urbem
719 1592 840 1669 regibus

96 1673 313 1750 colloquuntur.
593 1735 596 1741 ,

134 1751 272 1822 Vitelliis,
285 1749 487 1826 Aquilliisque
497 1748 636 1810 fratribus
644 1748 743 1824 primi)
757 1768 837 1809 cnm·

95 1832 188 1890 missa
201 1849 248 1888 res
258 1842 312 1889 est.
324 1809 523 1890 'Vitelliorum
532 1846 616 1888 soror
625 1828 738 1887 consuli
745 1839 836 1903 nupta
913 1862 915 1865 ·

96 1911 190 1969 Bruto
203 1920 285 1975 erat;
304 1906 425 1986 jamque
433 1927 472 1966 ex
481 1927 518 1966 eo
529 1905 720 1966 matrimonio
727 1906 834 1964 adoles·

96 1997 196 2044 centes
223 1987 406 2060 erant’libcri
427 1986 523 2053 Titus,
543 1983 765 2057 Tiberiusque:
784 2003 833 2048 eos

96 2079 215 2138 quoque
226 2063 257 2120 in
269 2063 437 2122 societatem
448 2063 563 2121 consilii
572 2061 711 2120 avunculi
723 2081 833 2121 assum·

25 2159 26 2196 1
95 2152 158 2209 unt,
177 2140 323 2216 praeterea
350 2151 381 2199 et
408 2139 520 2203 nobiles
538 2139 651 2215 aliquot
667 2140 832 2199 adolesceb-

95 2228 141 2276 tcs
154 2219 263 2277 conscii
270 2221 424 2300 assumpti,
436 2237 566 2294 quorum
571 2228 714 2276 vetustate
723 2218 830 2276 ru'emo·

96 2295 141 2354 ria
159 2295 239 2353 abiit.
279 2298 402 2356 Interim
422 2296 517 2372 quum
544 2297 575 2354 in
595 2305 698 2354 senatu
718 2295 830 2356 vicisset

97 2375 239 2433 sententia
247 2393 312 2450 quae
321 2377 456 2434 censebat
465 2374 702 2442 reddendaboua3
710 2392 829 2449 eamque

30 2492 31 2496 ,
97 2453 193 2530 ipsam
206 2469 324 2515 ,eausam
337 2469 429 2511 morae
447 2454 479 2512 in
495 2457 568 2513 urbe
586 2455 726 2511 haberent
736 2452 827 2529 legati,

98 2533 177 2606 quod
197 2529 323 2606 spatium
342 2534 378 2589 ad
397 2533 529 2590 uehicula
541 2529 827 2604 comparandaicuu·
913 2558 915 2597 ;

97 2609 208 2668 autibus
217 2608 419 2682 sumpsissent,
431 2609 536 2682 quibus
544 2616 827 2682 regumasportarent
913 2636 915 2677 ᾗ

100 2697 169 2756 resg
196 2701 283 2744 omne
307 2683 337 2744 id
355 2695 475 2760 tempus
492 2700 565 2742 cum
583 2682 742 2762 conJuratis
761 2700 825 2743 con·
913 2732 915 2763 ;
