1875 3267
473 219 514 275 64

78 412 82 417 .
127 363 307 422 Macedonas
319 362 461 439 aggressi,
473 344 591 439 triginta
604 362 663 421 fere
676 352 869 431 interficiunt,

126 440 309 518 paucioribus
323 440 421 515 captis.

167 520 264 577 Eares
277 520 482 577 Alexandrum
494 519 622 577 dividere
636 521 736 595 copias
746 521 867 596 coegit;

128 608 158 654 et
169 614 206 654 ne
219 598 345 674 segniter
358 596 486 653 assidere
494 597 544 653 uni
554 598 618 655 urbi
627 600 786 666 videretur,
801 617 869 672 ope·

129 674 332 732 riPerdiccam
340 676 556 748 Craterumque
566 675 706 748 praefecit,
719 675 787 750 ipse
799 695 870 734 cum

129 752 267 828 expedita
289 770 379 810 manu
403 753 542 809 Arabiam
564 752 655 827 petiit.
695 755 779 811 Inter
803 755 869 810 baec
927 757 928 776 ¹

130 829 871 907 Tyriinavem,magnitudineeximia,saxisarena·

131 930 188 985 que
202 909 219 967 ri
231 908 323 985 puppi
344 918 498 965 oneratum
518 906 560 964 itai
580 917 612 964 ut
631 907 761 965 multum
779 924 870 981 prora

131 988 282 1055 emineret,
294 985 435 1043 bitumine
448 1004 482 1041 ac
496 986 635 1056 sulphure
649 985 761 1055 illitam,
775 984 869 1043 remis
927 1053 928 1058 ἵ

131 1067 363 1131 concitaverunt;
379 1072 414 1121 let
435 1080 529 1137 quum
549 1081 688 1138 magnam
705 1063 766 1120 vim
790 1063 870 1121 renti
927 1065 928 1072 ’

130 1148 194 1203 vela
206 1161 321 1219 quoque
333 1141 546 1214 concepissent,
558 1141 693 1198 celeriter
706 1143 741 1198 ad
755 1144 871 1199 molem

132 1221 288 1284 successit:
309 1230 378 1277 tunc
398 1222 486 1294 prora
507 1219 572 1295 ejus
585 1222 718 1286 accensa,
738 1220 869 1296 remiges

132 1299 267 1360 desiliere
279 1297 310 1354 in
323 1300 456 1371 scaphas,
464 1314 531 1370 quae
539 1298 574 1353 ad
585 1298 639 1354 hoc
649 1298 749 1371 ipsum
755 1314 871 1371 praepa·

132 1389 202 1437 ratae
216 1376 417 1451 sequebantur.
437 1374 531 1431 Navis
543 1380 650 1443 autem,
664 1373 732 1451 igne
741 1392 871 1449 concep·

132 1468 172 1520 to,
185 1450 270 1511 latius
282 1451 402 1509 fundere
416 1450 585 1509 incendium
597 1452 694 1525 coepit,
708 1453 797 1526 quod,
808 1451 872 1527 'pri-

133 1529 260 1606 usquam
272 1537 371 1609 posset
382 1527 509 1596 occurri,
522 1541 617 1587 turres
630 1541 660 1587 et
670 1538 766 1587 cetera
777 1547 871 1604 opera

133 1612 165 1669 in
177 1606 271 1683 capite
285 1607 370 1665 molis
387 1605 481 1679 posita
493 1607 722 1682 comprehendit.
761 1610 806 1665 At
818 1608 869 1681 'qui

134 1688 299 1747 desilierant
311 1686 341 1743 in
352 1681 444 1760 ‘parva
461 1684 585 1760 navigia,
598 1684 676 1743 laces
689 1697 720 1743 et
729 1685 870 1759 quidquid

134 1769 236 1826 alendo
248 1765 311 1843 igni
323 1776 424 1840 aptum
440 1772 503 1821 erat
525 1764 555 1819 in
573 1765 676 1820 eadem
688 1782 775 1837 opera
787 1764 872 1839 inge·
926 1817 927 1828 ,

133 1855 209 1904 runt.
242 1846 365 1918 Jamque
372 1859 436 1925 pon
450 1840 539 1899 modb
553 1842 750 1899 Macedonum
762 1852 872 1909 turres,

136 1926 187 1981 sed
200 1922 288 1981 etiam
297 1920 546 1977 summatabulata
556 1928 750 1993 conceperant
758 1919 872 1994 ignem,
926 1917 927 1928 ¹

135 2016 229 2075 quum
242 1999 263 2055 ii
276 1996 326 2073 qui
343 1999 373 2053 in
391 1996 522 2053 turribus
540 2006 631 2065 erant,
650 1998 756 2069 partim
770 1996 871 2053 hauri·

133 2088 235 2138 rentur
244 2075 384 2144 incendio,
396 2072 504 2147 partim
516 2073 606 2130 armis
619 2074 734 2131 omissis
745 2076 774 2130 in
785 2092 870 2132 mare
926 2115 928 2135 2

136 2153 284 2229 semetipsi
303 2152 513 2217 immitterent:
535 2161 563 2208 at
584 2152 679 2226 Tyrii,
700 2151 750 2226 qui
765 2167 870 2227 capere
926 2149 928 2202 ἕ

135 2253 186 2293 eos
199 2230 288 2307 quim
301 2229 465 2287 interlicere
486 2230 615 2298 mallent,
634 2231 793 2288 natantium
807 2249 870 2287 ma·

136 2330 192 2373 nus
206 2308 350 2384 stipitibus
372 2306 508 2381 saxisque
529 2309 699 2372 lacerabant,
715 2309 807 2365 donec
819 2310 871 2366 de·

135 2388 236 2449 bilitati
250 2384 370 2461 impune
383 2384 506 2461 navigiis
519 2384 616 2459 excipi
634 2395 760 2460 possent.
801 2388 869 2443 Nec

135 2465 270 2526 incendio
295 2462 391 2522 solrim
412 2481 500 2536 opera
519 2474 689 2520 consumta:
720 2464 770 2520 sed
796 2461 870 2520 sorte

135 2548 238 2605 eodem
251 2541 297 2602 die
305 2535 506 2599 vehementior
516 2552 618 2599 ventus
627 2552 743 2599 motum
755 2556 792 2596 ex
802 2559 871 2614 pro-

135 2624 224 2681 fundo
237 2622 310 2678 mari
323 2619 402 2677 illisit
413 2618 444 2675 in
453 2618 580 2676 molem!
595 2619 762 2693 crebrisque
775 2618 869 2675 flucti-

134 2704 188 2759 bus
197 2716 354 2774 compages
373 2694 469 2771 operis
490 2699 645 2755 verberatae
665 2716 696 2755 se
709 2698 863 2762 laxavere5
