1875 3267
444 268 511 323 220·

104 417 247 476 nimenta
259 417 408 483 baberent,
428 412 565 472 omuibus
577 410 676 470 fenne
688 431 761 473 surs
765 422 847 469 trans
927 414 929 431 '

105 497 276 553 Rhodanum
289 496 429 571 trajectis,
441 491 612 550 ulteriorem
632 492 728 566 ripam
748 488 851 548 amnis

103 572 193 631 armis
219 573 393 631 obtinebant.
424 574 556 628 Caeteros
578 573 694 628 accolas
715 567 847 626 flunrinis

97 651 240 722 Annibal,
253 663 282 707 et
296 669 399 710 eorum
413 651 546 724 ipsorum
560 648 613 724 qui
636 650 723 705 sedes
745 658 847 704 tenue

100 731 273 796 tant‚s11nnl
282 728 626 806 perbcrtdonrsadnaves
635 728 768 800 undique
778 743 847 782 con

104 809 262 866 trahendas
275 807 529 880 fabricandasque;
552 806 641 862 simul
661 817 692 862 et
706 803 764 876 ipsi
790 815 846 860 tra·

100 884 155 963 jici
168 885 343 954 exercitum,
356 884 503 956 levarique
511 881 735 958 quamprimum
748 883 846 958 regio·

103 981 172 1022 nem
186 983 275 1022 suam
284 966 364 1024 tanti
377 973 504 1038 urgente
522 961 678 1019 hominum
692 963 779 1018 turba
790 979 847 1016 cu-

103 1043 227 1117 plebemt
250 1042 370 1120 Itaque
363 1057 467 1118 ingens
488 1051 588 1098 coacta
600 1041 644 1097 vis
656 1041 776 1096 navium
790 1050 847 1107 est,

104 1119 418 1196 lintriumquetomerd
429 1121 463 1177 ad
473 1118 626 1176 vicinalem
634 1136 725 1174 usum
732 1129 847 1192 parata-

99 1217 192 1257 num:
214 1219 361 1274 novasque
380 1199 451 1257 alias
465 1195 598 1272 primdm
612 1195 692 1257 (aallr
703 1196 845 1255 inchoan
889 1185 897 1202 ⁸

100 1286 151 1337 les
164 1281 302 1336 cavabant
315 1297 352 1334 ex
363 1277 431 1352 sing
419 1277 489 1334 ulis
503 1275 672 1332 arboribus:
695 1275 801 1332 deindr'r
815 1288 857 1334 et.

104 1355 159 1430 ipsi
153 1355 289 1422 milites,
302 1356 391 1412 simu
402 1355 486 1428 copia
499 1353 641 1421 materieb,
649 1352 739 1410 simul
752 1353 847 1410 facili·

99 1443 158 1490 tate
172 1433 268 1506 operis
277 1432 395 1502 inducti,
408 1433 654 1490 alveosinformes
662 1431 748 1506 (nihil
756 1433 846 1490 dum·

97 1511 191 1570 modo
210 1512 310 1568 innare
329 1529 415 1586 aquae
436 1521 466 1566 et
489 1529 595 1584 capere
615 1528 705 1567 onera
724 1521 846 1583 possent

98 1588 250 1664 ¹curantes)
275 1590 381 1664 quibus
408 1607 439 1646 se
469 1607 579 1662 suaque
612 1591 845 1663 uansveherent,

100 1669 210 1742 raptim
225 1667 375 1728 faciebant.

141 1749 268 1822 Jamque
280 1750 413 1808 omnibus
430 1750 504 1807 ‘satis
525 1750 699 1822 comparatis
711 1750 748 1806 ad
760 1746 846 1824 traji-

96 1823 246 1896 ciendum,
260 1830 405 1886 terrebant
418 1847 456 1884 ex
472 1829 594 1886 adverso
604 1831 709 1894 hostes,
720 1845 843 1884 omnem

82 1903 194 1978 'ripam
218 1907 333 1980 equites
355 1907 466 1982 virique
484 1907 663 1963 obtinentes:
678 1923 754 1982 quos
767 1919 802 1962 ut
813 1925 845 1962 a·

94 1993 233 2054 uerteret,
261 1985 434 2042 Hannonem
453 1984 627 2042 Bomilcaris
641 1985 745 2052 lilium,
768 1983 846 2059 vigi·

97 2059 138 2118 lid
152 2061 248 2132 prima
262 2063 365 2128 noctis,
386 2081 454 2120 cum
466 2074 552 2136 parte
569 2065 733 2153 copiarum,
746 2063 846 2119 maxi·

12 2209 13 2214 ἵ
97 2137 147 2198 md
167 2137 316 2228 ῌὶιριιιὶιι,
330 2141 451 2197 adverso
470 2141 620 2217 flumine
613 2161 656 2199 ire
664 2142 732 2203 iter
752 2141 844 2200 unius

98 2215 156 2274 diei
174 2213 276 2290 jubete
298 2229 326 2274 et
340 2217 388 2275 ubi
401 2214 543 2291 primunt
555 2207 664 2292 posset,
682 2237 773 2292 quam
794 2237 844 2275 oc·

97 2293 260 2352 cultissimd
279 2295 404 2370 trajecto
430 2295 521 2364 amni,
542 2295 765 2354 circumducere
791 2315 844 2371 ag·

98 2381 183 2441 mem
207 2383 242 2428 ut
255 2371 350 2459 quirin
370 2385 444 2452 opus
470 2373 546 2430 facto
567 2375 614 2443 sit,
640 2374 787 2436 adoriatur
805 2377 844 2432 ab

98 2459 165 2519 teng
262 2456 321 2510 em
337 2448 391 2510 Ad
404 2455 433 2510 id
443 2453 502 2512 datr
512 2452 616 2514 duces
620 2453 699 2509 Galli
712 2453 843 2509 educunt
927 2482 929 2485 ·

98 2525 165 2592 nde
188 2533 317 2590 millia
301 2533 389 2606 quin
382 2551 429 2589 ue
448 2543 482 2588 et
498 2528 613 2604 viginti,
632 2528 725 2587 ferme
751 2530 843 2604 suprai
927 2564 929 2593 ς

12 2649 14 2656 ›
89 2629 196 2696 pariae
211 2605 308 2667 insula
324 2609 541 2667 circumfusum
563 2626 681 2665 amnem
703 2607 841 2666 latiorem
927 2636 929 2639 ·

89 2685 148 2745 ubi
162 2689 351 2754 dividebatur,
363 2707 456 2762 eoque
472 2685 570 2742 mimis
583 2690 646 2742 alto
654 2690 747 2755 alveo,
758 2698 841 2743 tran·

94 2763 185 2824 sitnm
198 2768 359 2880 ostendere
389 2765 433 2826 Ibi
446 2759 558 2839 raptim
563 2783 643 2823 caesa
652 2763 785 2833 murena,
793 2783 841 2823 ra-
