1875 3267
452 308 513 367 199

94 469 159 525 que
171 450 203 511 in
211 452 442 521 terromoeulos,
454 461 485 508 et
493 452 597 509 surdas
610 453 644 511 ud
657 452 756 511 omnia
768 456 849 519 solas,

75 526 140 587 'tia
148 548 244 595 aures,
251 540 280 587 et
289 533 432 604 pudore'm
440 531 588 589 intuendae
599 530 680 599 lucis,
689 532 841 608 ingentem

92 610 210 665 molem
223 608 335 666 iratum
349 628 386 665 ex
410 610 469 665 alto
492 610 583 665 animi
603 608 713 679 cientis,
734 610 841 669 indicis

92 703 186 754 esse3
209 698 261 745 aut
281 705 313 744 se
332 686 465 745 Romana
484 686 622 761 ignorare
646 686 770 762 ingenia,
791 700 842 747 aut

92 763 251 821 silentium
277 765 349 823 illud
371 764 554 823 Samnitibus
567 764 676 823 flebiles
691 765 769 823 brevi
783 769 841 826 cla·

90 860 198 900 mores
211 845 398 938 gemitusque
411 844 626 903 excitaturum:
624 843 841 939 Caudinaeque

92 918 180 993 pacis
200 918 347 993 aliquanto
367 910 557 1010 samnitibus,
578 940 669 996 quam
699 922 840 979 Romanis

93 995 257 1056 tristiorem
265 1017 440 1056 memoriam
448 998 519 1056 fore
534 999 651 1087 Quippe
660 1017 728 1057 suos
738 1018 841 1077 quem

93 1092 156 1149 que
183 1094 286 1135 coram
307 1076 421 1134 animos
451 1079 629 1144 habiturum,
642 1066 839 1151 ubicumque

93 1154 371 1228 congressurisint3
393 1156 484 1213 saltus
498 1156 647 1213 Caudinos
659 1172 717 1212 non
731 1154 840 1231 ubique

93 1231 362 1291 Samnitibusfore.
388 1234 455 1290 lam
468 1244 499 1289 et
521 1234 625 1291 Romae
648 1251 702 1291 sua
723 1232 841 1291 infamis

93 1310 194 1367 clades
214 1321 284 1368 erat
326 1312 474 1371 Obsessos
506 1308 639 1384 primum
665 1310 846 1369 audierunts

91 1386 528 1465 tristiordeindeignominiosae
541 1386 622 1463 pacis
631 1389 737 1465 magis,
745 1388 839 1463 quim

93 1465 434 1539 periculi'nunciusfuit.
475 1468 523 1525 Ad
545 1466 655 1525 famam
676 1465 838 1525 obsidionis
867 1507 869 1511 ι

94 1544 228 1601 delectus
241 1543 342 1601 haberi
355 1556 468 1620 coeptus
481 1558 558 1601 erat·
580 1545 720 1603 dimissus
733 1544 838 1603 deinde

96 1622 274 1679 auxiliorum
294 1633 461 1697 apparatus,
479 1620 635 1696 postquam
658 1622 836 1681 deditionem

95 1709 158 1757 tam
172 1696 248 1756 foede
270 1698 378 1757 factam
398 1710 594 1772 acceperunt3
615 1699 836 1790 extemploque,

96 1778 160 1835 siue
187 1778 249 1836 ulla
271 1777 391 1851 publice
411 1776 592 1844 auctoritate,
613 1794 788 1835 consensum
806 1779 836 1835 iu

93 1874 216 1914 omnem
230 1855 358 1913 formam
373 1856 473 1912 luctus
494 1865 547 1912 est.
589 1855 734 1914 Tabernae
756 1854 837 1916 circi

93 1932 190 1993 torum
200 1936 331 2003 clausae3
338 1931 565 2011 justitiumque
558 1953 586 1991 ιιι
596 1932 659 1991 foro
670 1936 723 1991 sub
733 1944 835 2009 sponte

34 2062 46 2072 ..
93 2023 233 2089 eoeptum,
238 2011 425 2104 priusqubm
437 2012 598 2071 indictum·
620 2012 667 2070 lat'
647 2022 668 2069 t1
682 2012 836 2075 clavien-

94 2091 155 2149 nuli
167 2091 247 2149 aurei
260 2089 356 2166 positi,
378 2088 454 2165 pene
474 2090 608 2149 moestior
621 2090 755 2149 exercitu
769 2092 833 2183 ipso
920 2156 921 2163 ἵ

96 2168 194 2229 civitas
202 2189 284 2227 esse:
297 2187 353 2227 nec
366 2169 487 2227 ducibus
499 2166 595 2231 solum
606 2180 694 2245 atque
707 2170 832 2227 auctori·

95 2249 151 2305 bus
164 2247 409 2322 sponsoribusque
431 2246 513 2323 pacis
526 2247 621 2317 irasci,
635 2247 706 2305 sed
698 2249 832 2305 mnoxios

97 2324 186 2383 etiam
198 2326 304 2384 milites
323 2327 428 2394 odisse,
448 2338 478 2383 et
498 2344 606 2417 negare
626 2326 697 2386 urbe
710 2327 832 2385 tectisve

97 2402 289 2480 accipiendos.
317 2402 417 2473 Quam
431 2405 654 2462 concitationem
666 2404 832 2463 animorum

98 2481 185 2557 fregit
198 2483 339 2541 adventus
348 2482 516 2578 exercitus&
518 2482 607 2539 etiam
621 2481 701 2539 iratis
712 2483 833 2541 misens·

83 2561 176 2629 ¹bilis;
190 2578 249 2617 non
262 2558 343 2618 enim
355 2559 498 2635 tanquam
508 2558 538 2617 in
548 2560 673 2635 patriam
684 2573 831 2619 reverten-

94 2651 139 2698 tes
151 2660 189 2697 ex
203 2639 351 2712 insperato
362 2639 536 2704 incolumes,
549 2636 601 2695 sed
617 2648 770 2711 captorum
780 2638 830 2691 hs·

94 2719 153 2777 bitu
166 2721 306 2792 vultuque
320 2716 445 2807 ingressi
455 2714 523 2771 serb
531 2713 561 2771 in
576 2716 690 2779 urbem,
703 2714 744 2768 itt
758 2730 790 2767 se
800 2712 833 2767 in

96 2796 284 2873 suisquisque
294 2804 380 2853 tectis
388 2792 736 2863 abdiderunbutpostero
746 2798 833 2861 atque

93 2947 103 2992 i
