1875 3267
442 321 504 386 867

96 482 284 550 progressus,
297 482 399 548 aperto
414 491 447 530 ac
459 475 546 548 plano
559 471 654 530 littore
668 485 757 530 naves
770 473 838 528 eo'n·

96 552 203 611 stituit.
243 552 414 621 Atbarbari,
424 551 546 608 consilio
555 553 759 608 Romanorum
769 564 839 624 cog·

95 633 167 700 nito,
194 631 350 704 praemisso
373 631 515 707 equitatu,
537 639 566 686 et
591 627 754 718 essedariis,
780 647 839 702 quo

94 708 276 786 plerumque
299 727 407 786 genere
430 709 460 765 in
484 707 575 780 paliis
592 707 637 764 uti
649 711 839 775 consuerunt,

94 787 221 862 reliquis
255 789 347 862 copiis
386 785 544 856 subsecuti,
578 797 695 843 nostros
719 785 840 844 navibus

95 867 202 942 egredi
214 865 414 941 prohibebant.
454 868 527 922 brat
533 867 570 922 ob
578 865 631 922 has
642 882 745 920 causas
759 882 840 920 sun.-

94 965 149 1004 ma
162 945 326 1034 difficultas,
346 945 523 1035 qubdnaves
532 953 651 1017 propter
663 941 841 1015 magnitudi-

94 1041 170 1082 nem
190 1021 249 1080 nisi
262 1024 293 1080 in
307 1025 365 1082 alto
380 1023 517 1080 constitui
539 1039 596 1077 non
609 1031 752 1094 poterant.
782 1019 842 1076 Mi-

94 1099 198 1160 litibus
211 1112 321 1169 autem,
343 1101 452 1179 ignotis
465 1100 548 1168 locis,
575 1097 725 1172 impeditis
746 1097 839 1184 mani·

94 1182 165 1248 bus,
179 1197 287 1256 niagno
306 1190 336 1237 et
349 1181 431 1257 gravi
446 1197 534 1236 onere
553 1195 704 1235 armorum
721 1173 841 1251 pressis,

96 1260 191 1316 simul
218 1271 247 1316 et
273 1260 393 1317 navibus
418 1256 626 1323 desiliendum,
653 1266 682 1312 et
703 1254 842 1312 fluctibus

96 1335 329 1406 consistendum,
349 1350 463 1396 etcum
485 1333 618 1392 hostibus
631 1344 694 1390 erat
707 1350 842 1428 pugnan
846 1335 850 1344 “

97 1417 194 1484 dum,
217 1435 310 1490 quum
322 1415 364 1474 illi
378 1426 427 1474 aut
449 1434 488 1472 ex
513 1413 604 1481 arido,
623 1424 674 1470 aut
686 1408 842 1486 paululum

97 1495 131 1551 in
154 1511 262 1568 aquam
284 1494 444 1569 progressi,
464 1493 601 1551 omnibus
623 1489 768 1548 membris
789 1508 843 1545 ex-

97 1572 201 1646 pediti,
213 1572 376 1630 notissimis
389 1572 471 1639 locis,
485 1573 621 1632 audacter
631 1573 689 1627 tela
701 1567 841 1656 conjicer-

98 1662 162 1719 ent,
175 1661 204 1707 et
218 1669 308 1728 equos
330 1648 529 1708 insuefactos
521 1649 688 1705 incitarent.
727 1644 843 1741 Quibus

98 1731 192 1786 rebus
216 1730 307 1789 nostri
329 1727 485 1818 perterriti,
510 1737 600 1802 atque
620 1724 709 1801 hujus
721 1721 843 1780 ommno

99 1808 221 1884 generis
240 1825 350 1884 pugnae
374 1805 516 1880 imperiti,
540 1823 599 1894 non
619 1821 722 1860 omnes
736 1803 843 1859 eadem

99 1888 261 1954 alacritate,
285 1905 319 1944 ac
339 1886 445 1953 studi0,
471 1904 529 1958 quo
550 1881 580 1939 in
601 1882 784 1957 pedestribus
799 1879 842 1936 uti

98 1961 208 2036 praeliis
233 1974 450 2030 consueverant,
479 1965 642 2020 utebantur.
682 1960 772 2030 Quod
793 1959 844 2016 ubi

101 2047 207 2101 Caesar
219 2043 432 2110 animadvertit,
446 2061 536 2099 naves
549 2044 661 2117 longas,
674 2056 800 2115 quarum
814 2048 844 2094 et

102 2121 216 2196 species
228 2132 290 2178 erat
305 2121 434 2179 barbaris
455 2119 626 2188 inusitatior,
648 2131 678 2176 et
695 2129 794 2175 motus
807 2119 845 2174 ad

100 2218 193 2258 usum
207 2199 380 2274 expeditior,
399 2197 551 2272 paululrlm
566 2199 711 2256 removeri
725 2199 760 2254 ab
776 2213 845 2252 one-

101 2278 189 2336 rariis
206 2280 338 2346 navibus,
359 2290 389 2334 et
409 2278 500 2335 remis
520 2275 643 2344 incitari,
663 2288 692 2334 et
712 2278 747 2332 ad
768 2277 844 2330 latus

102 2368 239 2430 apertum
253 2357 383 2414 hostium
397 2357 545 2424 constitui,
558 2368 646 2430 atque
659 2353 725 2413 inde
737 2351 844 2420 lundis,

101 2436 269 2503 tormentis,
299 2434 414 2523 sagittis
437 2435 536 2507 hostes
562 2434 695 2507 propelli,
715 2451 748 2488 ac
777 2432 844 2487 sub·

100 2514 215 2572 moveri
236 2511 344 2590 jussit:
366 2530 430 2588 quac
457 2529 506 2568 res
518 2531 629 2590 magno
650 2508 718 2567 usui
737 2505 846 2564 nostris

102 2592 171 2649 fuit.
210 2594 290 2650 Nam
318 2603 348 2649 et
367 2592 489 2648 navium
514 2585 621 2664 figura,
643 2600 673 2646 et
691 2602 844 2644 remorum

103 2680 198 2738 motu,
220 2681 249 2729 et
269 2670 406 2728 inusitato
429 2677 764 2762 generetormentorum
778 2681 843 2758 per·

102 2751 177 2805 moti
197 2750 309 2807 barbari
333 2749 539 2813 constiterunt3
560 2765 595 2801 ac
610 2742 732 2817 paulum
756 2735 845 2799 modo

104 2829 213 2901 pedem
227 2841 271 2888 ret
260 2831 396 2888 tulerunt
438 2829 479 2881 lt
489 2819 844 2880 nostrismilitibuscttnc
