1875 3267
443 237 504 291 363

217 433 248 495 ⁹
263 506 542 574 Nannamon
560 508 672 608 nvn.

126 651 233 744 Caesar
248 682 373 746 invades
389 683 486 744 Grani
498 681 640 757 Britain,
655 683 694 745 A.
708 681 743 743 C.
755 691 806 744 55.

197 853 289 918 (Rom.
302 853 371 906 Hist·
386 845 474 904 Caesar
485 851 520 900 de
531 851 606 902 Bello
620 848 744 916 Gallico.)
810 873 813 878 ·

128 1007 197 1056 Tua
210 1003 298 1056 defeat
309 1003 340 1053 of
348 1003 551 1068 Vercingetorix
563 1001 671 1052 decides
688 1001 734 1051 the
746 1000 800 1052 fate
812 1001 845 1052 oi

93 1073 176 1123 Gaul.
194 1074 219 1122 It
232 1073 253 1120 is
269 1073 345 1121 made
359 1089 374 1121 a
386 1073 487 1120 Roman
499 1069 630 1133 province.
649 1070 679 1117 ln
690 1067 736 1116 the
747 1083 839 1118 course

90 1139 129 1202 of
141 1139 195 1188 this
207 1148 334 1203 conquest
347 1141 435 1190 Cesar
446 1134 584 1184 conceivee
595 1135 642 1183 the
651 1133 712 1198 plan
724 1132 757 1182 of
768 1135 840 1185 inva-

91 1203 163 1270 ding
175 1204 290 1267 Engand.
308 1196 445 1261 This'ieie,
456 1199 596 1265 separated
608 1198 674 1248 bom
686 1199 733 1249 the
744 1209 800 1250 rest
810 1199 849 1252 ot'¹

91 1272 145 1320 the
157 1271 245 1328 world,
262 1271 315 1322 bad
335 1271 403 1323 been
425 1268 517 1319 before
534 1267 588 1316 this
599 1266 666 1316 time
685 1266 782 1318 almost
794 1282 857 1319 uns

89 1338 198 1390 known.

135 1489 258 1565 Exigua
271 1501 352 1564 parte
366 1492 476 1548 aestatis
488 1490 608 1563 reliqui,
619 1491 729 1557 Caemr,
743 1489 797 1546 etsi
810 1486 842 1546 in

94 1568 135 1626 iis
149 1568 230 1636 lucia,
251 1570 330 1642 qudd
342 1569 437 1628 omnis
450 1570 546 1628 Gallia
558 1570 594 1625 ad
606 1569 842 1644 Septentrionem

96 1646 205 1722 vergit,
219 1657 342 1706 maturae
356 1658 423 1704 sunt
436 1650 560 1715 hiemes,
570 1657 670 1706 tamen
681 1645 713 1703 in
727 1645 842 1704 Britan-

96 1725 180 1784 niam
202 1723 347 1799 proficisci
364 1729 521 1793 contendit,
540 1724 619 1798 qutdd
631 1725 768 1784 omnibus
782 1723 844 1781 ferd

97 1803 220 1865 Gallicis
233 1803 324 1871 bellis,
343 1805 477 1862 hostibus
488 1802 595 1862 nostris
608 1802 676 1862 inde
688 1802 843 1859 subminis-

97 1894 173 1942 trata
186 1881 293 1939 auxilia
304 1881 502 1959 intelligebam
515 1895 553 1949 et,
566 1880 590 1937 si
598 1890 717 1954 tempus
729 1881 797 1937 anni
806 1879 843 1940 ad

96 1963 210 2020 bellum
233 1961 395 2035 gerendum
421 1961 578 2027 deficerem
606 1969 707 2016 tamen
733 1977 843 2035 magno

98 2041 154 2098 sibi
167 2037 234 2096 usui
256 2037 317 2096 fore
337 2039 537 2107 arbitrabatur,
559 2037 585 2094 si
604 2037 695 2096 modi>
715 2037 841 2096 insulam

98 2118 218 2186 adisset,
240 2133 335 2192 genus
354 2119 510 2176 hominum
530 2118 748 2194 perspexissem
768 2119 842 2185 loca,

97 2207 211 2274 portus,
237 2196 330 2253 aditus
351 2198 551 2272 cognovisset:
573 2214 639 2271 quae
662 2195 762 2254 omnia
780 2194 842 2253 fere

98 2275 195 2334 Gallis
207 2283 290 2330 erant
308 2272 463 2350 incognita.
503 2278 610 2348 Neque
632 2273 711 2332 enim
731 2272 842 2332 temere

97 2364 209 2430 praeter
222 2363 400 2410 mercatores
419 2353 468 2412 illd
481 2353 726 2427 aditquisquam3
748 2371 843 2425 neque

97 2435 137 2492 iis
157 2432 230 2506 ipsis
243 2429 412 2506 quidquam,
432 2443 542 2505 praeter
554 2450 635 2488 oram
650 2431 843 2499 maritimam,
868 2496 874 2510 ,

97 2525 186 2588 atque
200 2527 250 2568 eas
262 2512 409 2586 regiones,
421 2529 488 2586 quae
505 2519 573 2567 sunt
589 2507 842 2576 continentiam,

96 2603 202 2648 notum
215 2598 267 2646 est.
301 2592 413 2664 Itaque,
434 2587 599 2646 convocatis
622 2588 700 2643 adse
714 2588 841 2661 undique

97 2667 320 2736 mercatoribus,
331 2686 428 2741 neque
438 2677 544 2741 quanta
556 2676 634 2722 esset
642 2663 747 2721 insulae
760 2683 843 2740 mag·

99 2747 212 2817 cnudo,
224 2765 320 2822 neque
334 2765 411 2822 quae,
424 2756 475 2804 aut
488 2753 604 2819 quantae
618 2742 751 2812 nationes
764 2744 842 2805 inco·
