1875 3267
405 308 462 363 181

71 460 195 524 perator,
203 449 288 511 extra
296 450 428 510 ordinem
438 452 810 532 numquampugnaverim,

70 544 127 585 non
138 531 163 587 si
173 544 284 590 certam
293 531 447 589 victoriam
457 533 580 590 videam.
601 535 676 592 Situ
689 533 810 607 permit·

69 608 117 678 tis,
128 612 191 668 volo
205 631 261 686 ego
271 611 312 667 illi
324 612 430 667 belluae
438 612 603 679 ostendere,
613 611 725 685 quandia
735 610 810 669 adeo

70 686 154 745 ferox
167 693 319 763 praesultat
338 690 469 748 hostium
491 690 594 767 signis,
607 709 655 747 me
669 709 706 746 en
720 692 755 745 ea
768 688 809 745 la-

68 766 154 823 milia
167 778 276 835 ortum,
295 786 362 841 quae
384 768 542 825 Gallorum
563 786 671 844 agmen
685 787 722 824 ex
735 782 809 839 rupe

69 845 199 918 Tarpeia
213 843 329 921 dejecit.
350 847 431 903 Tum
444 847 577 916 dictator,
586 846 687 904 Macte
697 844 810 912 virtute,

68 921 175 997 inquit,
188 944 221 981 ac
242 925 349 999 pietate
369 922 401 980 in
421 937 544 997 patrem,
564 924 758 1000 patriamque,
772 924 810 980 T.

71 1001 177 1070 Manli,
187 1013 257 1058 esto.
277 1004 372 1077 Perge
382 1014 411 1060 et
423 1021 530 1061 nomen
542 1006 710 1062 Romanum
724 1001 811 1060 invic-

70 1089 138 1135 tum
149 1080 318 1156 juvantibus
329 1080 405 1150 Diis,
413 1093 531 1153 praesta.
554 1086 682 1140 Armant
691 1080 757 1135 inde
765 1078 811 1156 ju·

70 1175 178 1214 venem
194 1161 336 1231 aequales:
357 1161 493 1233 pedestre
507 1171 622 1217 scutum
645 1160 731 1231 capit,
743 1158 813 1216 His-

68 1254 148 1309 pano
161 1237 289 1313 cingitur
297 1232 407 1312 gladio,
415 1240 450 1295 ad
459 1238 627 1314 propiorem
637 1237 724 1294 habili
737 1254 812 1310 pug-

68 1332 149 1370 narn.
165 1320 321 1372 Armatam
334 1317 574 1393 adornatumque,
588 1314 728 1373 adverstls
741 1316 812 1372 Gal-

66 1396 132 1451 lum
153 1391 255 1451 stolide
276 1396 387 1462 laetum,
413 1405 443 1452 et
464 1394 617 1471 (quoniam
640 1395 669 1452 id
689 1410 809 1471 quoque

65 1473 214 1529 memoria
226 1473 348 1546 dignum
361 1473 487 1549 antiquis
497 1474 594 1531 visum
604 1472 661 1549 est)
675 1474 809 1549 linguam

68 1550 157 1607 etiam
171 1552 205 1607 ab
218 1549 306 1607 irrisu
317 1563 512 1621 exserentem,
525 1553 698 1626 producunt.
721 1550 808 1608 Reci-

67 1628 154 1701 piunt
166 1627 232 1684 inde
253 1648 284 1684 se
297 1630 332 1684 ad
353 1630 517 1697 stationem,
537 1641 566 1686 et
584 1632 641 1686 duo
661 1630 691 1685 in
710 1628 808 1685 medio

68 1707 184 1772 armati,
194 1706 334 1779 spetaculi
347 1705 442 1779 magis
451 1724 545 1775 more,
554 1706 643 1781 quam
657 1709 722 1783 lege
733 1706 810 1774 belli,

67 1785 285 1841 destituuntur:
307 1782 494 1859 nequaquim
505 1785 568 1842 visu
581 1802 615 1841 ac
629 1786 725 1859 specie
739 1783 810 1841 aesti·

67 1863 216 1920 mantibus
236 1881 329 1937 pares.
370 1864 486 1933 Corpus
506 1861 587 1921 alteri
607 1863 808 1937 magnitudine

67 1941 222 2008 eximium,
242 1938 409 1998 versicolori
429 1952 519 2009 veste,
533 1941 676 2017 pictisque
690 1951 719 1997 et
739 1959 827 1998 auro·

68 2019 181 2077 caelatis
195 2020 345 2097 refulgens
357 2018 467 2077 armis:
482 2019 579 2079 media
587 2020 615 2075 in
630 2021 720 2077 altero
732 2020 805 2077 mili·

67 2095 139 2154 taris
164 2109 282 2167 statura,
302 2098 478 2172 modicaque
500 2097 646 2157 inarmis
666 2096 807 2157 habilibus

67 2176 164 2251 magis
177 2175 389 2249 quimdecoris
403 2176 525 2251 species.
548 2178 615 2233 Non
629 2188 739 2243 cantus,
749 2194 807 2234 non

68 2254 219 2324 exultatio,
232 2271 440 2329 armorumque
453 2256 570 2329 agitatio
582 2274 663 2323 vana,
677 2256 727 2311 sed
741 2274 804 2329 pec-

66 2343 115 2389 tus
128 2333 423 2407 animorum,iraeque
435 2333 532 2391 tacitae
546 2334 677 2407 plenum,
686 2352 806 2391 omnem
858 2339 863 2345 “

67 2410 210 2467 ferociam
220 2412 249 2467 iu
261 2411 418 2469 discrimen
428 2411 525 2485 ipsum
536 2411 703 2468 certaminis
717 2412 807 2468 distu-

67 2493 150 2546 lerat.
171 2490 229 2545 Ubi
240 2489 395 2546 constitere
408 2490 564 2547 interduas
578 2491 664 2557 acies,
674 2500 716 2549 tot
729 2490 808 2547 circa

68 2568 239 2625 mortalium
253 2566 358 2623 animis
377 2586 428 2642 spe
441 2572 582 2643 metuque
594 2567 787 2639 pendentibus
798 2588 806 2633 ς

13 2705 14 2708 ,
67 2647 182 2712 Gallus,
190 2648 269 2703 velut
278 2648 371 2702 moles
381 2644 507 2721 superne
518 2645 686 2712 imminens,
695 2643 809 2717 projec-

13 2725 14 2752 ff
66 2735 97 2781 to
109 2728 186 2783 laevo
195 2733 281 2782 scuto
294 2726 324 2781 in
345 2724 522 2782 advenientis
535 2722 728 2787 armaliostis,
741 2736 809 2774 van-

68 2822 122 2861 um
135 2799 322 2873 caesimxcum
342 2802 454 2878 ingenti
468 2804 565 2859 souitu
578 2817 680 2857 ensem
693 2795 808 2871 dejecit.

460 2897 481 2941 Q
