1875 3267
342 358 349 372 ⁴
410 292 474 348 ars

60 438 205 514 buissem,
216 438 351 516 oppressi
362 439 511 499 celeritate
525 436 687 511 Annibalis,
698 440 809 501 omise-

62 528 137 576 runt
150 528 231 577 mota
242 536 334 576 arma

102 598 170 655 Nec
184 596 504 674 Sagunti-oppugnatio
520 596 727 674 segniorem,
741 599 808 657 Ma·

62 676 193 746 barbale,
212 673 392 735 Himilconis
423 675 495 744 filio,
522 696 612 752 quem
634 678 813 753 praefecerat.

62 754 203 825 Annibal,
214 752 256 812 ital
275 752 403 831 impigri
423 772 489 813 rem
510 766 627 832 agente,
647 764 681 812 ut
700 758 808 815 ducem

61 836 165 891 abesse
178 853 234 892 nec
255 834 343 900 cives,
355 852 410 891 nec
431 836 532 892 hostes
545 834 694 893 sentirent.
735 836 766 891 ls
778 846 808 893 et

62 912 168 987 praelia
180 914 290 986 aliquot
300 914 430 971 secunda
440 912 519 981 lecit,
531 925 561 971 et
570 913 661 971 tribus
670 912 814 971 arietibus.

62 989 284 1064 aliquantutum
297 990 377 1048 muri
390 991 538 1063 discussit,
547 1002 695 1067 strataque
709 990 811 1051 omnia

62 1070 230 1128 recentibus
242 1068 338 1127 ruinis
349 1070 516 1129 advenienti
527 1072 664 1129 Annibali
673 1069 808 1129 ostendit

63 1146 167 1222 Itaqui
181 1151 216 1207 ad
236 1149 331 1223 ipsam
344 1168 444 1207 arcem
464 1148 618 1225 extemplb
637 1152 743 1207 ductus
756 1165 810 1207 ex·

63 1227 186 1297 ercitus,
205 1239 350 1301 atroxque
378 1227 522 1303 praelium
544 1248 616 1287 cum
644 1232 809 1287 multorum

64 1304 218 1382 utrimque
229 1308 310 1364 caede
323 1305 440 1374 initum,
451 1316 482 1364 et
491 1326 560 1383 pars
570 1306 647 1365 arcis
661 1318 746 1383 capta
753 1317 808 1365 est.

64 1384 192 1444 Tentata
213 1383 318 1443 deind&
343 1404 398 1459 per
423 1387 497 1444 duos
523 1396 569 1445 est
593 1386 704 1463 exigua
727 1384 810 1462 pacis

64 1480 142 1536 spes,
156 1465 304 1523 Alconem
315 1465 527 1541 Saguntinum,
536 1475 565 1525 et
580 1468 723 1524 Alorcum
740 1466 810 1523 His·

63 1558 187 1615 panum.
227 1542 448 1612 Alcon,insciis
469 1544 649 1619 Saguntinis,
669 1544 810 1619 precibus

63 1619 178 1693 aliquid
197 1632 452 1688 mecumtecum,
465 1642 558 1697 quum
579 1625 616 1680 ad
630 1624 809 1683 Annibalem

62 1698 154 1757 noctu
167 1700 329 1771 transisset,
344 1697 502 1776 postquam
511 1700 584 1758 nibil
598 1703 736 1776 lacrymae
746 1718 811 1758 mo·

62 1780 179 1847 nebant,
192 1780 432 1853 conditionesque
444 1778 553 1848 tristes,
566 1789 601 1837 ut
613 1783 648 1836 ab
663 1780 737 1836 irato
749 1778 812 1835 vic·

63 1865 130 1915 tore
150 1857 325 1926 ferebantur,
346 1858 480 1935 trasluga
501 1877 540 1915 ex
566 1869 679 1916 oratore
707 1856 812 1928 factus,

63 1937 144 2008 apud
165 1939 279 1996 hostem
299 1936 426 2005 mansit3
449 1934 631 1997 moriturum
654 1936 814 2007 affirmans,

63 2015 120 2088 qui
146 2018 202 2075 sub
228 2015 440 2074 conditionibus
465 2016 512 2073 his
539 2018 575 2074 de
600 2032 673 2091 pace
699 2025 808 2091 ageret.

63 2094 271 2153 Postulabatur
278 2107 387 2161 autem,
395 2096 550 2153 redderent
559 2114 607 2152 res
616 2094 809 2163 Turdetanis;

65 2172 234 2247 traditoque
253 2174 335 2241 omni
356 2192 429 2231 auro
440 2186 527 2249 atque
547 2185 679 2249 argento,
695 2173 811 2249 egressi

64 2254 138 2310 urbe
152 2270 220 2309 cum
236 2253 362 2328 singulis
380 2252 564 2310 uestimentis
585 2254 624 2311 ibi
640 2253 810 2321 habitarent,

63 2330 116 2387 ubi
137 2334 246 2388 Poenus
257 2331 403 2409 jussisset.
445 2333 508 2389 Has
516 2330 605 2407 pacis
624 2334 707 2409 leges
720 2334 811 2390 abnu-

64 2420 136 2465 ente
150 2411 264 2467 Alcone
278 2421 453 2485 accepturos
470 2409 660 2485 Saguntinos,
675 2414 812 2480 Alorcus,
827 2452 828 2457 κ

63 2488 145 2545 vinci
158 2487 285 2557 numos,
298 2488 347 2545 ubi
360 2488 416 2546 alia
428 2490 591 2555 vincantur,
605 2489 763 2557 affirmans,
777 2510 809 2548 se

62 2563 149 2641 pacis
161 2566 227 2643 ejus
245 2565 438 2641 interpretem
451 2567 514 2624 fore
528 2567 692 2641 pollicetur.
734 2568 808 2625 Erat

63 2656 168 2703 autem
180 2649 247 2702 tilm
260 2646 346 2704 miles
360 2645 530 2713 Annibalis3
546 2643 681 2703 ceterilm
693 2642 812 2721 publice

64 2722 240 2799 Saguntinis
247 2726 360 2783 amicus
373 2734 463 2800 atque
476 2726 594 2797 hospes.
623 2724 744 2781 Tradito
758 2740 811 2796 pa·

63 2802 129 2866 lim
153 2805 214 2863 telo
241 2804 412 2864 custodibus
437 2802 577 2874 bostium,
607 2810 814 2880 transgressus
