1875 3267
464 282 524 340 106

130 433 195 488 sere
206 425 304 504 gladii,
319 428 422 486 horror
436 424 541 501 ingens
552 435 724 498 spectantes
739 428 880 501 perstrin-
914 474 916 477 .

131 510 192 584 git:
214 518 243 564 et
255 504 360 565 neutri)
373 504 511 562 inclinata
521 519 583 575 spe,
596 508 735 578 torpebat
749 523 814 562 vox
828 508 879 581 spi·

129 587 272 660 ritusque.
310 583 460 644 Consertis
480 581 586 639 deinde
608 584 762 652 manibus,
788 585 877 658 quim

127 663 192 740 jam
204 683 264 722 non
277 675 374 722 motus
383 672 499 720 tantum
512 678 682 735 corporum,
697 661 879 738 agitatioque

130 745 374 819 ancepstelorum
384 757 604 813 armorumque,
613 741 665 796 sed
673 744 882 816 vulneraque·

132 840 189 895 que
202 831 231 880 et
244 819 365 897 sanguis
378 818 547 893 spectaculo
557 828 671 885 essent;
693 820 761 876 duo
778 822 881 876 Roma·
915 852 917 875 ι

131 900 172 968 ni,
190 919 278 976 super
292 898 382 958 alium
397 896 481 965 alius,
499 896 657 954 vulneratis
674 895 782 954 tribus
800 901 881 956 Alba·

131 979 187 1049 nis,
196 978 383 1053 exspirantes
397 987 584 1031 corruerunt.
625 977 673 1032 Ad
683 993 829 1048 quonum
841 996 880 1030 ca-

131 1078 200 1117 sum
210 1055 523 1133 quumconclamasset
532 1054 637 1128 gaudio
647 1055 795 1111 Albanus
805 1073 881 1111 exer·

132 1138 217 1206 citus,
230 1153 366 1194 romanas
376 1130 507 1208 legiones
512 1130 575 1208 jam
585 1148 651 1203 spes
659 1140 734 1200 tota,
746 1132 879 1190 nondum

136 1226 236 1272 tamen
250 1232 322 1271 cura
335 1214 514 1279 deseruerat,
527 1211 680 1268 examines
702 1209 776 1267 vice
792 1211 883 1277 unius,
916 1248 918 1251 -

138 1313 228 1366 quem
240 1303 301 1348 tres
315 1289 439 1348 Curiatii
449 1289 710 1346 circumsteterant.
756 1291 853 1347 Forte
862 1289 883 1342 is

136 1372 252 1444 integer
266 1368 330 1434 fuit,
340 1379 373 1424 ut
383 1365 526 1424 universis
534 1369 613 1425 solus
620 1365 819 1442 nequaquam
829 1385 884 1441 par,

136 1449 180 1505 sic
194 1446 334 1504 adversius
349 1445 480 1519 singulos
495 1444 587 1504 ferox.
627 1444 721 1522 Ergu,
736 1457 771 1506 ut
787 1465 885 1521 segre·

137 1535 220 1603 garet
233 1541 364 1599 pugnam
382 1541 496 1592 eorum,
510 1524 638 1598 capessit
649 1525 765 1598 fugam,
778 1523 826 1582 itai
840 1543 882 1581 ra-

135 1618 185 1663 tus
199 1614 361 1672 secuturos,
379 1613 411 1659 ut
433 1621 583 1676 quemque
599 1606 720 1662 vulnere
738 1602 884 1661 affectum
917 1626 919 1641 ¹

138 1704 245 1761 corpus
258 1683 374 1742 sineret.
413 1682 481 1738 Jam
497 1681 680 1755 aliquantium
694 1680 782 1756 spatii
797 1702 886 1741 exeo

136 1767 212 1833 loco,
224 1763 274 1822 ubi
286 1772 452 1838 pugnatum
466 1769 520 1826 est,
533 1761 698 1841 aufugerat,
711 1759 813 1835 quum
827 1782 886 1818 res·

137 1844 249 1915 piciens
275 1843 353 1899 videt
376 1838 493 1914 magnis
521 1837 681 1897 intervallis
707 1851 885 1914 sequentes:

137 1940 232 1979 unum
252 1921 329 1978 haud
350 1920 453 1991 procul
478 1918 514 1973 ab
536 1936 600 1975 sese
621 1920 745 1985 abesse;
766 1919 798 1975 in
814 1939 886 1976 eum

137 2017 248 2074 magno
260 1999 374 2070 impetu
388 1995 470 2054 redit.
508 1995 548 2051 Et
561 1995 634 2054 dium
649 2000 785 2054 Albanus
798 2011 886 2056 exer·

138 2078 212 2133 citus
226 2077 362 2132 inclamat
375 2074 522 2143 Curiatiis,
533 2086 566 2131 ut
579 2094 667 2150 opem
680 2071 776 2134 ferant
789 2075 885 2142 fratri,

135 2155 198 2231 jam
207 2154 346 2211 Horatius
355 2172 432 2210 caeso
441 2153 524 2210 hoste
533 2152 626 2212 victor
635 2156 799 2212 secundam
807 2173 886 2230 pug-

138 2251 209 2291 nam
221 2235 345 2306 petebat.
379 2233 461 2288 Tum
475 2235 612 2300 clamore,
624 2233 719 2306 qualis
732 2253 772 2291 ex
785 2234 885 2309 inspe-

138 2322 201 2368 rato
210 2311 369 2370 faventium
379 2311 461 2378 solet,
473 2309 600 2368 Romani
607 2313 744 2387 adjuvant
753 2310 883 2382 militem

140 2407 247 2447 suum:
269 2401 298 2447 et
312 2390 359 2447 ille
371 2387 492 2464 defungi
504 2386 608 2461 praelio
625 2387 750 2461 festinat.
771 2439 776 2448 .
792 2391 882 2448 Prius

138 2467 235 2542 itaque
250 2467 339 2543 quam
352 2470 434 2538 alter,
444 2468 496 2540 qui
508 2485 563 2524 nec
578 2469 681 2541 procul
690 2471 801 2538 aberat,
814 2487 883 2526 con-

140 2547 223 2621 sequi
240 2557 349 2621 posset,
368 2558 397 2603 et
416 2547 542 2604 alterum
562 2546 729 2605 Curiatium
751 2545 882 2604 conficit.

139 2627 267 2702 Jamque
281 2636 395 2701 aequato
405 2625 503 2682 Marte
513 2624 621 2700 singuli
632 2636 815 2700 supererant,
828 2627 879 2681 sed

139 2723 194 2763 nec
209 2724 269 2780 spe,
282 2723 336 2764 nec
349 2704 457 2761 viribus
471 2722 566 2778 pares.
587 2707 723 2763 Alterum
733 2705 878 2762 intactum

140 2782 217 2842 ferro
230 2800 334 2858 corpus
351 2795 381 2840 et
403 2781 549 2858 geminata
561 2782 685 2841 victoria
705 2781 836 2840 ferocem
849 2783 876 2841 in
