1875 3267
172 137 230 166 ..·ι,

157 182 236 287 §4

86 379 272 456 criminaque
285 398 386 441 rerum
395 380 491 456 prope
501 381 618 457 perditis
632 386 719 443 rebus
729 400 830 444 serva-
864 376 868 385 ’

85 457 166 517 bant.
194 459 312 534 Ingenti
326 461 458 533 periculo
472 464 681 521 transeundum
693 480 747 536 per
760 465 829 521 hos-

82 537 163 594 tium
173 538 322 597 custodias
334 550 416 609 erat3
430 540 467 597 ad
481 558 549 597 eam
560 557 623 599 rem
637 542 757 603 Pontius
771 544 829 599 llo-

82 616 207 684 minius,
221 616 351 693 impiger
358 616 486 694 juvenis,
494 634 614 693 operam
623 617 828 689 pollicitusin.

83 697 195 763 cubans
208 694 322 764 cortici,
343 698 472 753 secundo
486 695 587 753 Tiberi
601 698 636 757 ad
657 698 759 755 urbem
777 700 829 755 de»-

83 771 187 829 fertur.
228 771 301 829 Inde
312 772 381 847 quia
393 774 568 845 proximum
581 774 637 833 fuit
653 772 669 829 ai
683 773 756 849 ripis,
774 793 829 851 per

83 861 276 924 praeruptum
289 870 383 925 eoque
402 854 573 927 neglectum
588 852 719 909 hostium
733 866 829 913 custo-

83 927 144 985 diae
159 946 278 996 saxum,
298 930 328 987 in
344 930 520 1002 Capitolium
533 932 644 987 evadit:
666 939 705 996 et,
719 933 755 987 ad
767 950 829 991 ma·

83 1006 228 1078 gistratus
239 1007 354 1073 ductus,
367 1009 502 1065 mandata
513 1010 662 1066 exercitiis
673 1007 740 1065 edit,
769 1011 829 1069 Ac-

83 1096 176 1157 cepto
192 1085 261 1140 inde
275 1087 398 1142 Senatus
411 1087 538 1159 decreto,
551 1099 583 1143 ut
596 1098 625 1145 et
639 1086 767 1145 comitiis
780 1107 831 1145 cu-

82 1161 169 1218 riatis
179 1173 335 1219 revocatus
348 1164 383 1219 de
396 1162 495 1232 exilio,
506 1163 591 1239 jussu
604 1164 706 1240 populi
719 1166 829 1225 Camil-

82 1242 263 1297 lusdictator
271 1239 424 1315 extempl&
432 1241 587 1308 diceretur,
600 1242 768 1318 militesque
777 1245 829 1301 lna·

81 1319 187 1374 berent
199 1318 409 1391 imperatorem
422 1331 515 1393 quem
528 1322 643 1390 vellent,
657 1324 764 1379 eidem
778 1322 827 1381 de·

81 1414 213 1469 gressus,
232 1397 357 1453 nuncius
373 1397 465 1455 Veios
494 1400 657 1456 contendit:
680 1397 825 1475 missique

82 1475 218 1531 Ardeam
231 1476 319 1549 legati
332 1476 367 1533 ad
380 1475 551 1547 Camillum,
570 1478 662 1535 Veios
675 1494 747 1535 eum
760 1496 828 1552 per·

82 1554 217 1609 duxere:
238 1570 302 1627 seu,
323 1555 413 1625 (quod
426 1554 523 1629 magis
537 1556 656 1613 credere
668 1556 746 1624 libet,
766 1574 825 1613 non

81 1627 171 1703 priris
183 1629 348 1703 profectum
361 1633 396 1689 ab
405 1633 515 1699 Ardet,
529 1631 621 1705 quam
631 1631 775 1706 comperit
785 1635 842 1691 le··

83 1726 160 1781 gem
174 1709 278 1765 latam:
301 1710 378 1784 quod
390 1727 444 1765 nec
456 1708 573 1785 injussu
597 1709 698 1784 populi
717 1711 825 1768 mutari

82 1785 196 1841 finibus
204 1799 312 1856 posset,
325 1806 380 1846 nec
392 1787 448 1843 nisi
459 1788 582 1843 dictator.
594 1786 689 1843 dictus
698 1790 827 1861 auspicia

81 1863 115 1919 in
128 1864 263 1921 exercitu
278 1866 384 1922 habere
393 1863 417 1939 i)
436 1868 486 1923 lex
498 1864 609 1923 curiata
621 1868 679 1923 lata
692 1876 745 1934 est,
766 1868 825 1926 dic·

82 1951 220 2015 tatorque
233 1946 340 2000 absens·
349 1944 453 2000 dictus.

122 2018 208 2077 Dum
222 2022 287 2077 haec
298 2022 384 2081 Veiis
391 2024 560 2097 agebantur,
574 2018 692 2079 interim
703 2042 755 2085 arx
766 2024 825 2082 Ro·

81 2116 154 2167 mae,
174 2098 411 2175 Capitoliumque
431 2099 461 2156 in
482 2101 593 2175 ingenti
614 2101 745 2173 periculo
758 2103 824 2162 fuit.

83 2178 223 2251 Namque
244 2178 331 2245 Galli,
352 2196 404 2235 seu
425 2177 548 2253 vestigio
569 2191 665 2237 notato
685 2181 824 2248 humano,

84 2255 143 2329 qni
155 2254 281 2314 nuncius
291 2255 308 2312 d
318 2256 402 2313 Veiis
409 2268 599 2327 pervenerat;
615 2277 666 2313 seu
677 2262 730 2315 suit
738 2276 828 2333 spon,

83 2342 114 2389 te
127 2334 332 2392 animadverso
345 2337 380 2391 ad
394 2336 562 2393 Carmentis
577 2354 682 2393 saxum
702 2354 824 2397 ascensu
920 2396 925 2401 ,

85 2428 183 2485 aequo,
195 2422 281 2469 nocte
295 2413 442 2480 sublustri,
455 2412 549 2485 qutlm
559 2412 657 2487 primi»
667 2414 824 2483 inermem,

84 2491 135 2562 qni
148 2499 273 2547 tentaret
286 2490 374 2558 viam,
387 2492 607 2563 praemisissent
622 2494 768 2549 tradentes
776 2494 824 2549 in·

84 2565 121 2623 de
134 2587 225 2637 arma,
245 2568 295 2629 ubi
307 2568 377 2642 quid
390 2568 484 2641 iniqui
498 2579 587 2638 esset,
606 2569 708 2626 alterni
723 2568 824 2639 innixi,

84 2648 329 2718 sublevantesque
340 2647 468 2703 invicem
483 2656 512 2703 et
524 2650 673 2703 trahentes
684 2646 731 2703 alii
745 2647 826 2715 alios,

83 2733 170 2796 prout
183 2724 344 2798 postularet
355 2724 455 2790 loeus;
478 2733 555 2786 tanto
576 2723 689 2785 silentio
702 2722 731 2778 in
745 2734 825 2779 sum·
889 2738 893 2749 ·

418 2820 444 2857 r,
