1875 3267
126 331 205 398 tius;
225 327 284 402 qui,
297 327 413 400 repulso
433 328 543 395 lictore,
562 325 585 382 si
599 325 670 401 jure
691 339 812 402 ageret,
824 328 884 384 rin·

129 409 227 466 dicare
242 423 273 461 se
290 403 427 480 aiprivato
439 405 553 462 Icilium
566 405 702 481 aiebant:
723 405 748 462 si
763 407 833 464 vim
847 406 883 462 af·

129 489 206 546 ferre
219 495 381 552 conaretur,
394 482 433 539 ibi
454 501 569 556 quoque
586 501 618 538 se
641 483 727 540 haud
750 485 884 558 impares

130 565 201 623 fore.
232 557 598 620 Hincatrox‘rixaoritur.
638 560 809 618 Valerium
827 566 883 619 Ho-

129 643 296 714 ratiumque
309 640 393 700 lictor
406 639 577 696 Decemviri
587 638 708 694 invadit.
726 643 751 696 1.-
753 659 883 716 rangun·

130 731 179 779 tur
193 720 209 776 ai
222 718 405 778 multitudine
423 715 523 774 fasces.
559 719 592 774 In
613 717 800 774 concionem
825 724 883 790 Ap-

130 799 199 878 pius
211 798 349 856 ascendit.
371 797 545 870 Sequuntur
557 797 710 861 Horatius,
726 797 883 854 Valerius·

131 897 199 953 que,
211 895 261 934 eos
274 875 373 933 concio
386 875 474 938 audit,
488 872 668 933 Decemviro
688 877 881 949 obstrepitur.

132 957 197 1014 lam
205 973 265 1030 ·pro
278 952 402 1026 imperio
415 953 551 1013 Valerius
563 952 715 1009 discedere
737 951 759 1008 ai
771 956 881 1026 privam

132 1037 249 1096 lictores
258 1032 393 1108 jubebat:
408 1028 503 1104 quum
513 1027 613 1087 fractis
622 1030 734 1086 animis
750 1033 880 1106 Appius.

135 1112 203 1170 vitae
213 1122 357 1177 metuens,
367 1109 396 1164 in
410 1110 533 1164 domum
546 1128 577 1165 se
591 1108 795 1182 propinquum
813 1109 881 1173 foro

133 1190 235 1250 insciis
254 1186 434 1254 adversariis,
443 1185 682 1259 capite-obvoluto
690 1187 814 1259 recipit.
836 1191 880 1259 Sp.

133 1267 260 1343 Oppius
273 1277 305 1324 ut
318 1265 426 1324 auxilio
443 1267 564 1339 collegae
579 1275 665 1329 esset,
678 1263 711 1319 in
725 1264 836 1321 forum
847 1285 879 1321 ex

135 1349 229 1404 alterii
239 1354 319 1416 parte
333 1343 468 1416 irrumpit
484 1364 492 1409 ;
514 1343 591 1398 videt
604 1341 773 1415 imperium
783 1344 812 1398 ri
826 1345 881 1398 ric·

133 1433 206 1479 tum.
230 1420 358 1494 Agitatis
368 1418 472 1476 deinde
490 1420 626 1483 consiliis,
639 1433 729 1493 atque
745 1441 787 1477 ex
803 1422 880 1477 omni

133 1507 214 1576 parte
228 1497 409 1554 assentiendo
423 1499 525 1554 multis
546 1499 713 1554 auctoribus
735 1500 880 1574 trepidus

134 1581 276 1634 Senatum
287 1573 435 1650 postremi)
445 1577 542 1631 vocari
552 1575 648 1651 jussit.
676 1575 721 1632 Ea
732 1597 795 1644 res,
807 1578 881 1652 qued

134 1673 251 1731 magnae
273 1655 347 1730 parti
365 1655 487 1710 Patrnm
501 1653 654 1727 displicere
669 1666 737 1711 acta
754 1657 882 1712 Decem·

136 1736 265 1792 virorum
276 1735 454 1799 videbantur,
465 1751 516 1804 spe
526 1751 579 1804 per
589 1734 732 1788 Senatum
742 1733 881 1790 finienda

136 1813 285 1890 potestatis
298 1813 369 1888 ejus,
382 1809 601 1869 multitudinem
612 1810 733 1866 sedavit.
755 1814 881 1868 Senatus

135 1893 309 1965 necplebcm
322 1891 489 1948 irritandam
500 1889 632 1944 censuit:
643 1899 671 1944 et
681 1889 882 1963 multomagis

127 1967 355 2042 providendum,
380 1967 510 2041 nequid
533 1965 663 2041 Virginii
685 1969 834 2025 adventus
853 1970 882 2023 in
921 1942 923 2041 l

137 2045 270 2102 exercitu
284 2055 381 2100 motus
396 2043 512 2100 faceret.
921 2050 923 2067 '

177 2123 279 2195 Itaque
289 2121 370 2176 missi
379 2121 509 2196 juniores
519 2124 640 2178 Parrum
649 2123 678 2178 in
693 2133 880 2200 castra,quae
921 2186 923 2189 ¹

50 2221 51 2226 ¹
71 2201 74 2208 '
135 2196 201 2256 tum
210 2200 239 2256 in
252 2207 349 2256 monte
361 2198 476 2256 Vecilio
486 2211 587 2283 erant)
600 2201 741 2257 nunciant
753 2204 882 2260 Decem·
921 2252 923 2279 ;

136 2277 338 2338 virisutomni
348 2276 574 2351 opedseditione
583 2279 692 2335 milites
702 2282 883 2340 contineant.
921 2302 923 2305 ·

138 2353 198 2412 Ubi
220 2353 373 2429 Virginius
393 2355 552 2429 majorem
565 2352 660 2432 quarn
673 2355 837 2432 reliquerat
853 2361 882 2414 in
921 2356 923 2415 i

136 2435 218 2501 urbe,
231 2443 342 2491 motum
358 2433 475 2490 excivit.
505 2437 581 2491 Nam
594 2435 881 2512 praeterzrulmquod
921 2458 923 2465 ·

123 2511 255 2587 tegmine
267 2509 357 2585 prope
369 2513 649 2587 quadringentorum
664 2512 828 2578 hominum
837 2536 881 2571 ve-

138 2595 231 2658 niens,
241 2590 293 2662 qui
303 2593 338 2644 ab
348 2591 420 2644 urbe
429 2589 598 2662 indignitate
611 2591 653 2647 rei
663 2592 779 2660 accensi
787 2594 882 2650 comi-

132 2668 217 2732 tesci
230 2675 260 2722 se
282 2666 427 2733 dederant,
448 2679 621 2740 conspectus
650 2679 713 2736 est;
737 2668 877 2728 strictum
921 2718 923 2723 .
