1875 3267
398 301 458 358 325

57 433 216 500 custodiam
231 443 436 523 traderentur:
458 454 507 523 atq
507 461 544 501 ue
564 438 642 500 idem
666 441 724 500 boc
744 443 794 505 de

57 530 169 578 eretum
192 532 240 577 est
259 525 301 578 in
311 524 345 578 L.
359 464 507 591 Cassium,
520 521 570 594 qui
584 521 640 580 sibi
655 541 792 612 procura<

55 600 165 656 tionem
192 599 394 662 incendendae
408 601 489 659 urbis
514 602 739 687 depoposcerat.
762 601 792 656 in

58 676 99 733 M.
116 675 302 751 Caeparium,
326 679 373 734 cui
394 681 431 736 ad
453 676 649 735 sollicitandos
663 690 793 751 pastores

57 755 194 829 Apuliam
211 773 277 813 esse
291 757 470 824 attributam,
484 765 547 829 erat
559 756 739 813 indicatum:
761 758 793 813 in

58 835 88 890 P.
97 833 236 902 Furium,
250 834 301 908 qui
311 844 355 890 est
370 855 406 891 ex
419 837 464 892 his
473 833 605 902 coloniiS,
618 851 692 908 quas
706 836 794 891 Fesu·

57 913 98 968 las
110 911 144 968 L.
160 909 245 984 Sylla
257 913 398 970 deduxitz
419 912 450 973 in
465 915 509 985 Q.
524 912 672 970 Manlium
693 912 794 968 Chilo·

59 1007 136 1057 nem,
158 989 212 1063 qui
228 988 287 1048 uni
300 1005 370 1048 cum
386 993 444 1050 hoc
454 990 543 1048 Furio
556 1007 676 1063 semper
689 988 795 1047 eratin

60 1065 113 1123 bac
126 1069 322 1144 Allobrogum
336 1067 539 1126 sollicitatione
551 1080 700 1125 versatus.
722 1069 795 1123 inP

60 1144 259 1237 Umbrenum,
273 1146 441 1208 libertinum
456 1145 650 1210 hominem,
635 1165 724 1222 aquo
736 1144 795 1219 pri·

63 1239 145 1280 mum
173 1225 277 1282 Gallos
302 1227 337 1281 ad
361 1215 520 1282 Gabinium
546 1225 704 1296 perductos
729 1239 796 1280 csse

61 1305 219 1359 constabat.
241 1299 383 1377 Atque
351 1323 396 1360 ea
395 1303 517 1361 lenitate
529 1315 648 1360 senatus
658 1313 703 1360 est
716 1320 796 1370 usos,

64 1364 203 1449 Quirites,
223 1394 257 1437 ur
277 1399 315 1437 ex
339 1385 419 1438 tanta
437 1380 644 1470 conjuratione,
656 1385 795 1454 tantaque

63 1455 90 1511 vi
103 1477 136 1514 ac
149 1457 339 1518 multitudine
350 1459 578 1518 domesticorum
592 1460 731 1527 hostium,
744 1477 797 1515 no·

65 1551 129 1590 rem
154 1537 311 1594 hominurn
335 1537 598 1609 perditissimorum
625 1542 723 1610 pient,
748 1556 796 1593 re·

65 1610 179 1682 publica
193 1618 371 1684 conservata,
381 1617 561 1690 reliquorum
575 1627 688 1683 mentes
700 1616 796 1672 sanari

66 1705 148 1763 posse
162 1694 360 1750 arbitraretur.
400 1697 501 1766 Atque
523 1697 611 1750 etiam
623 1692 797 1764 supplicatio

65 1769 119 1826 diis
128 1771 344 1831 immortalibus
356 1787 411 1842 pro
419 1771 559 1845 singulari
570 1786 676 1826 eorum
689 1769 805 1828 merito.

67 1863 132 1905 meo
144 1848 266 1908 nonune
279 1851 395 1906 decreta
408 1855 463 1914 est,
471 1847 620 1916 Quirites:
636 1849 712 1920 quod
722 1845 797 1903 milri

68 1925 199 2002 primum
225 1938 289 1999 post
312 1929 388 1984 ‘hanc
407 1929 511 1984 urbem
531 1925 677 1983 conditam
698 1935 797 2000 togato

69 2007 207 2080 contigit:
221 2017 249 2064 et
261 2007 307 2063 his
315 2007 431 2064 decreta
442 2005 537 2062 verbis
547 2014 601 2070 est,
610 2006 692 2074 Quod
698 2011 798 2060 arbem

68 2085 216 2153 incendiis,
233 2091 303 2140 caerte
318 2089 405 2152 cives,
420 2086 533 2138 Italiam
546 2087 614 2139 ballo
627 2087 796 2140 liberassem.

69 2161 143 2231 Quae
158 2163 329 2236 supplicatio
342 2161 366 2218 si
379 2161 447 2218 critn
462 2159 568 2219 ceteris
581 2161 797 2238 supplicationi·

68 2240 135 2308 bus,
154 2240 329 2310 conferatur,
349 2239 489 2309 Quirites,
510 2243 566 2296 hoc
587 2241 706 2298 interest
719 2241 797 2314 qubd

71 2329 177 2378 ceterae
199 2323 272 2377 bene
292 2319 387 2392 gesta,
406 2321 473 2376 'haec
485 2337 552 2391 ¹una,
569 2323 740 2377 conservata
753 2337 798 2374 re·

71 2397 187 2466 piratica
199 2398 354 2455 constituta
367 2403 419 2452 est.
461 2395 558 2469 Atque
580 2399 652 2454 illud
669 2397 746 2470 quod
758 2396 799 2455 fa·

72 2473 207 2532 ciendum
220 2474 351 2550 primum
366 2473 429 2543 suit,
449 2473 558 2551 sactum
575 2485 661 2547 atque
673 2486 800 2530 trausac-

72 2561 134 2608 tum
150 2567 202 2610 cst.
224 2553 302 2610 Narir
316 2555 348 2610 P.
363 2553 516 2618 Lentulus,
531 2551 706 2624 quamquam
719 2562 800 2624 pate·

74 2627 165 2690 sactus
180 2629 302 2695 indiciis,
322 2639 351 2686 et
370 2629 598 2688 confessionibus
610 2629 679 2696 suis,
690 2629 805 2701 judicio·

75 2714 200 2781 senatus,
212 2730 268 2768 non
279 2709 366 2767 modo
380 2708 517 2766 Praetoris
529 2707 587 2781 jus,
599 2705 801 2762 verumetiam

75 2785 145 2844 ciris
156 2791 311 2856 amiserat3
330 2799 427 2845 tamen
442 2785 614 2860 magistratu
632 2799 668 2859 se
690 2782 802 2841 abdica·

192 2875 195 2880 '
400 2880 462 2920 -ae
