1875 3267
77 200 116 246 ,Α

61 256 67 264 ,
457 258 500 326 13

98 426 165 486 que
177 404 276 483 epulis
293 416 377 469 eram
395 406 574 477 necessaria,
591 404 722 486 reliquit.
753 408 851 480 Quod

97 486 172 564 crim
184 487 353 547 nuntiatum
366 487 481 563 reginae
493 496 583 558 esset,
595 490 852 549 adolescentulum

95 566 208 635 filium,
222 568 260 624 ad
269 566 488 643 insequendum
500 584 654 627 eumcum
666 569 756 627 tertio
768 577 852 642 parte

96 646 255 721 copiarum
268 645 369 705 mittit.
389 643 470 704 com
484 654 608 705 ventum
619 647 656 705 ad
668 647 743 721 Cyri
755 656 852 704 castra

97 735 188 795 esset,
197 724 318 803 ignarus
328 726 371 785 rei
380 724 517 783 militaris
527 726 706 796 adolescens,
716 725 852 787 relutiad

96 806 212 879 epulas,
223 821 282 862 non
296 805 333 865 ad
345 802 486 881 praelium
499 804 639 873 venisset,
651 804 770 865 omissis
782 807 852 863 hos·

95 884 186 955 tibus,
204 882 338 945 insuetos
354 886 492 943 barbaros
512 885 582 941 vino
596 904 629 942 se
642 903 765 943 onerare
775 886 852 963 pati-

96 962 333 1039 turrpriusque
355 964 476 1038 Scythae
498 963 647 1034 ebrictate,
669 962 761 1041 quim
772 964 851 1020 bello

95 1042 266 1103 vincuntur.
294 1044 375 1113 Nom
388 1042 516 1119 cognitis
532 1043 589 1112 his,
603 1046 704 1117 Cyrus
715 1059 851 1100 reversus

94 1136 154 1197 per
166 1116 296 1189 noctem,
308 1121 426 1181 saucios
437 1120 589 1195 opprimit,
601 1139 765 1197 omnesque
779 1122 852 1197 Scy·

25 1246 28 1253 .
96 1202 165 1257 thas
179 1218 250 1257 cum
260 1197 373 1277 reginae
385 1196 603 1257 filioiuterlicit.
632 1199 757 1259 Amisso
771 1209 850 1259 tono

98 1279 243 1348 exercitu,
263 1288 302 1347 et,
323 1280 402 1355 quod
425 1276 546 1354 gravius
566 1281 740 1348 dolendum,
763 1276 851 1336 unico

97 1355 170 1426 lilio,
189 1354 329 1432 Tamyris
346 1357 476 1415 orbitatis
492 1358 626 1419 dolorem
646 1376 706 1417 non
718 1355 751 1413 in
764 1357 850 1415 lacri-

96 1454 163 1498 mas
170 1435 286 1507 effudit,
294 1438 346 1498 sed
353 1436 383 1498 in
392 1437 620 1496 ultioniesolatia
627 1434 769 1495 intendit:
780 1437 850 1493 hos·

97 1524 204 1591 resque
216 1515 329 1581 recenti
345 1516 470 1575 victorio
484 1518 660 1586 exultantes,
672 1517 738 1592 pari
747 1512 848 1573 insidi·

98 1612 189 1652 orum
201 1592 304 1653 fraude
324 1594 527 1655 circumvenit
564 1596 684 1671 Quippe
706 1595 849 1653 simulati

96 1672 261 1731 diffidentie
269 1674 505 1749 proptervulnus
515 1686 672 1749 acceptum
686 1673 848 1749 refugiens,

96 1753 213 1827 Cyrum
224 1754 261 1811 ad
274 1751 426 1829 angustias
433 1770 531 1826 usque
540 1753 690 1827 perduxit.
711 1752 756 1808 Ibi
766 1770 849 1809 com-

97 1832 242 1909 positisin
251 1830 400 1893 montibus
407 1829 532 1901 insidiis,
539 1824 667 1889 ducenti
674 1830 769 1887 millia
777 1832 849 1887 Per·

97 1926 200 1971 sarum
211 1929 282 1969 cum
293 1909 357 1987 ipso
367 1928 440 1988 rege
450 1910 618 1972 trucidavit.
638 1907 673 1968 In
683 1912 742 1985 qui
756 1909 848 1967 victo·

98 1990 144 2049 rit
158 1990 247 2047 etiam
260 1991 332 2052 illud
344 1989 538 2051 memorabile
552 1988 615 2058 fuit,
628 1990 707 2065 quod
719 2007 758 2047 nc
770 2006 847 2051 nun-

98 2069 285 2145 tiusquidem
293 2068 644 2143 tantaecladissuperfuit,
664 2070 764 2143 Caput
773 2066 847 2142 Cyri

93 2160 286 2225 amputatum
308 2149 339 2207 in
358 2158 458 2218 utrem
479 2150 610 2205 humano
630 2147 776 2223 sanguine
800 2164 848 2203 ree

96 2228 212 2305 pletum
229 2226 336 2306 conjici
353 2226 457 2305 regina
477 2227 571 2309 jubet,
584 2246 656 2285 cum
665 2228 724 2287 haic
736 2243 871 2300 cupro-¹

94 2307 226 2369 brotione
236 2305 436 2379 crudelitatis:
453 2308 531 2363 Satio
543 2319 582 2376 te,
590 2304 696 2383 inquit,
706 2308 846 2377 sanguine

97 2406 176 2459 quem
185 2388 283 2459 uicisti,
294 2387 433 2463 cujusque
447 2387 614 2442 insatiabilis
626 2384 844 2455 eemlrersoirti.

95 2466 194 2541 cyrus
208 2464 342 2542 regnavit
355 2483 446 2527 annos
460 2458 538 2534 unx,
552 2482 613 2523 non
630 2463 712 2522 initio
729 2460 847 2523 tantum

95 2546 193 2621 regni,
206 2546 258 2606 scd
271 2544 412 2607 continuo
428 2544 518 2606 totius
535 2541 681 2620 temporis
693 2557 846 2606 successu,

95 2621 309 2683 admirabiliter
320 2623 453 2701 insignis.
599 2640 602 2644 ·

458 2742 478 2781 n
