1875 3267
330 214 459 294 *aa

63 403 132 444 rum
148 380 270 442 consilio
284 391 388 441 cuncta
407 382 576 459 agebantur,
594 382 807 441 humanitatem

64 466 130 522 dira
143 459 316 537 superstitio
325 461 451 518 vicisset.

103 538 269 608 Caeterrim,
291 537 439 597 efficacior
463 538 545 600 omni
564 549 623 599 arte
644 537 807 609 imminens

62 618 234 685 necessitas,
259 635 318 675 non
343 616 447 674 usitata
474 615 563 673 modd
585 616 728 691 presidia,
753 618 807 673 sed

64 698 206 773 quaedam
214 694 303 753 etiam
314 712 386 753 nova
394 694 554 752 admonuit.
567 696 704 769 Namque
710 695 806 752 adim·

64 776 203 853 plicanda
222 771 341 848 navigia
357 790 424 849 quae
438 789 543 829 muros
564 770 695 829 subibant
707 772 808 829 validis

65 852 213 909 asseribus
227 869 331 907 corvos
344 860 374 908 et
394 850 504 907 ferreas
516 866 624 907 manns
638 867 709 907 cum
726 850 809 907 uncis

66 950 101 988 ac
114 930 237 986 falcibus
249 928 438 1005 illigaverunt,
451 937 494 998 ut,
505 945 599 1003 quum
607 936 755 985 tormento
765 947 809 985 aa·

66 1026 152 1065 seres
164 1006 387 1081 promovissent,
407 1004 502 1063 subitd
520 1004 624 1063 laxatis
637 1002 756 1062 funibus
768 1006 811 1062 irr-

64 1084 282 1163 jioerent;rmci
290 1102 407 1160 quoque
416 1094 445 1141 et
453 1083 543 1141 falces
552 1102 590 1140 ex
597 1080 701 1139 iisdem
709 1082 812 1153 asseri-

67 1167 125 1221 bus
148 1164 354 1237 dependentes,
366 1172 417 1219 aut
429 1171 673 1237 propugnatores,
685 1171 735 1217 aut
748 1159 814 1235 ipsa

67 1240 185 1316 navigia
197 1242 369 1299 lacerabant.
389 1232 706 1317 Clypeosverdxaeneos
718 1240 814 1296 multo

68 1319 301 1395 ignetorrebant,
329 1316 812 1393 uos‚replet0sfervidaarenacae-

69 1414 168 1471 noque
174 1399 304 1467 decocto,
314 1395 428 1455 cmuris
434 1393 529 1453 subitd
534 1395 730 1452 devolvebant
744 1395 775 1451 N
776 1412 812 1451 ec

70 1477 131 1533 ulla
142 1476 234 1548 pestis
245 1474 342 1551 magis
362 1474 535 1541 timebatur;
556 1473 664 1548 quippe
680 1472 730 1530 ubi
743 1472 812 1529 lori-

71 1571 141 1609 cam
149 1570 313 1628 corpusque
323 1552 438 1609 ferveas
445 1568 533 1608 arena
539 1560 748 1623 penetraverat,
754 1568 811 1606 nee

71 1629 276 1689 ulliviexcuti
284 1640 406 1703 poterat,
415 1639 446 1684 et
454 1626 594 1703 quidquid
602 1628 736 1703 attigerat
746 1645 813 1720 per·

67 1710 192 1775 urebat3
204 1707 403 1784 jacientesque
416 1724 509 1773 arma,
520 1704 656 1761 laceratis
676 1706 814 1763 omnibus

72 1786 182 1861 quibus
194 1786 308 1860 protegi
318 1794 461 1857 poterant,
483 1780 654 1838 vulneribus
666 1780 750 1838 inulti
763 1796 814 1853 pa-

71 1865 189 1928 tebant3
203 1864 281 1919 corvi
295 1860 410 1933 vendet
423 1859 528 1918 ferreoe
541 1874 647 1915 manus
659 1858 815 1916 tormentis

74 1942 192 1998 emissae
206 1942 362 2015 plerosque
375 1938 536 2013 rapiebant.

113 2014 174 2077 Hic
185 2036 238 2076 rex
248 2017 383 2094 fatigatus
392 2026 541 2086 statuerat,
551 2017 646 2073 soluti
656 2014 814 2086 obsidione,

75 2101 239 2173 AEgyptum
263 2106 381 2171 petere;
402 2094 512 2171 quippe
532 2113 626 2171 quum
646 2094 749 2153 Asiam
771 2095 814 2151 in·

76 2176 156 2251 genti
170 2174 315 2231 celeritate
329 2172 532 2249 percurrisset,
545 2171 624 2230 circei
637 2190 738 2231 mums
750 2173 814 2231 uni·

75 2272 110 2310 us
122 2251 202 2309 urbis
215 2254 352 2321 haerebat,
372 2261 413 2311 tot
430 2252 629 2309 maximarum
649 2268 749 2309 rerum
762 2268 814 2325 op·

74 2329 252 2405 portunitate
265 2329 397 2387 dimissa.
430 2327 583 2387 Caeterum
592 2326 654 2405 taim
664 2327 814 2386 discedere

76 2408 206 2477 irritum,
226 2406 317 2483 quim
337 2406 444 2467 morari
457 2407 599 2481 pudebat';
620 2402 728 2463 famam
742 2425 815 2481 quo-

75 2504 144 2562 que,
153 2489 213 2561 qua
225 2488 312 2562 plura
322 2484 413 2560 quam
421 2484 530 2541 morari
539 2486 663 2557 pudebat
677 2506 684 2547 ;
705 2483 815 2541 lamam

76 2581 204 2639 quoque,
217 2566 276 2637 qua
286 2564 370 2638 plura
377 2560 467 2637 quim
476 2560 565 2619 armis
575 2572 726 2630 everterat,
735 2572 816 2618 ratus

76 2641 218 2699 leviorem
227 2638 299 2711 fore,
312 2638 338 2698 si
348 2643 474 2715 Tyrum,
487 2640 569 2715 quasi
576 2649 683 2697 testem
691 2658 723 2695 se
730 2656 817 2711 posse

78 2720 165 2789 vinci,
186 2720 366 2796 reliquisset:
387 2716 478 2797 igitur
491 2718 613 2793 nequid
626 2719 814 2788 inexpertum
