1875 3267
469 293 534 349 362

124 455 194 498 rum
215 439 332 500 circiter
358 453 401 494 xx
430 434 524 496 millia
545 436 647 495 induis
667 438 863 513 Arvernisque

124 517 228 577 reddit.
268 518 305 574 T.
321 514 488 575 Labienum
509 533 581 572 cum
603 535 629 574 11
651 516 818 590 legionibus
838 529 863 573 et

124 597 253 672 equitatu
273 595 303 652 in
317 597 470 670 Sequanos
490 591 638 668 proficisci
655 596 749 671 jubet
780 595 864 652 'Huic
912 650 914 683 Ι

124 673 170 733 M.
182 672 393 750 Sempronium
407 671 542 730 Rutilum
554 673 693 731 attribuit.
734 677 770 732 C.
785 673 865 732 Fabi-
912 698 914 735 ;

123 771 186 823 um,
200 762 230 809 et
244 753 279 810 L.
294 751 457 810 Minatium
471 749 605 808 Basilum
617 769 687 810 cum
704 771 731 808 11
745 751 864 827 legioni·
912 738 914 773 ³

122 833 177 890 bus
190 831 220 890 in
235 829 360 891 Rhemis
371 832 503 897 collocat,
524 846 563 885 ne
587 847 678 904 quam
700 829 864 887 annitimis
912 854 914 901 q

122 906 646 982 Bellovaciscalamitatemaccipiant.
659 909 864 976 C.Antistiuni
912 904 914 973 i

123 989 275 1066 Reginum
294 986 327 1044 in
339 984 552 1052 Aiiibivaretos,
573 986 612 1042 T.
625 986 763 1044 Sextium
776 988 808 1044 in
819 989 864 1044 Bi·

122 1069 245 1142 turiges,
254 1068 289 1126 C.
299 1066 426 1124 Canium
435 1062 575 1123 Rebilum
587 1063 618 1120 in
632 1067 787 1122 Rutbenos
799 1085 863 1124 cum
912 1088 914 1135 ς

122 1145 247 1222 singulis
268 1142 433 1221 legionibus
454 1142 562 1201 mittit:
583 1146 621 1215 Q.
635 1144 770 1201 Tullium
785 1145 864 1203 Cice·
912 1140 914 1191 l

123 1239 229 1281 runem
243 1233 273 1282 et
286 1222 451 1297 Sulpicium
464 1223 595 1280 Cabiloni
608 1232 639 1279 et
654 1224 818 1280 Matiscone
836 1225 862 1280 in

123 1303 227 1360 AEduis
236 1303 272 1358 ad
286 1301 415 1370 Ararim,
429 1301 472 1358 rei
482 1299 680 1358 frumentariae
695 1306 794 1370 causa,
807 1306 862 1359 col·
912 1292 914 1303 '

123 1383 207 1440 locat.
241 1381 308 1454 Ipse
322 1378 457 1436 Bibracte
472 1379 602 1436 hiemare
617 1380 776 1438 constituit.
809 1383 861 1438 llis

123 1461 210 1518 rebus
222 1455 348 1514 Caesaris
361 1456 467 1514 litteris
480 1457 608 1535 cognitis
622 1458 738 1531 Romae,
750 1460 861 1518 dierunt

118 1553 168 1594 nx
181 1533 351 1614 supplicatio
362 1533 507 1594 indicitur.
