1875 3267
645 170 653 197 i

449 244 492 297 30

108 398 240 468 agerent.
281 385 367 445 Nihil
380 405 431 446 eos
444 387 544 448 somni
555 388 646 447 ranst
658 388 859 464 substernere,

109 482 140 527 et
153 466 245 528 vitam
262 466 326 525 sine
347 469 503 542 pulmento
524 468 645 545 degere,
660 484 760 542 neque
767 465 860 542 priris

109 548 142 605 in
155 550 261 604 urbem
269 546 374 615 redire,
388 544 481 621 queim
490 545 544 603 viri
552 545 621 603 facti
631 556 739 613 esseut,
746 544 860 613 statuit

110 625 255 701 Virgines
268 625 331 683 sine
340 626 407 683 dote
416 626 533 692 nubere¹
537 624 636 700 jussit,
646 632 800 686 utuxores
807 613 861 682 eli·

112 714 262 779 gerentur,
268 722 326 761 non
336 703 472 779 pecuniae
484 724 493 771 ;
508 702 697 777 severiusque
705 702 862 768 matrimo-

111 780 162 841 nia
175 802 228 840 sua
241 782 298 841 viri
318 786 500 853 coercerent,
516 779 590 839 cum
599 776 780 856 nullisdotis
791 780 862 843 srae·

110 861 158 918 nis
171 872 349 921 tenerentur.
389 859 563 919 Maximum
579 862 725 922 honorem
737 877 798 937 non
819 861 863 918 di·

112 939 208 999 vitum
221 949 251 998 et
262 938 440 1016 potentium,
460 941 513 997 sed
523 957 578 1015 pro
591 942 686 1018 gradu
700 941 798 999 aetatis
816 958 863 997 se-

114 1036 188 1077 num
202 1038 266 1077 esse
278 1020 386 1077 voluit=
407 1016 557 1078 Necsme
571 1017 700 1093 usqueim
713 1027 862 1078 terrarum

113 1101 215 1157 locum
223 1097 689 1176 honoratioremsenectushabet.
703 1099 864 1173 Haeoquo·

52 1212 55 1219 ·
113 1177 196 1237 niam
205 1176 313 1252 primo,
326 1175 430 1235 solutis
442 1175 530 1235 antei
541 1176 685 1247 moribus,
698 1179 772 1247 dura
783 1176 865 1235 vide-

112 1260 164 1315 bat
184 1276 259 1325 esse,
277 1268 432 1316 auctorem
452 1251 771 1333 eorumAppollinem
791 1254 866 1316 Del·

113 1336 255 1411 phicum¹
273 1334 369 1410 fingit,
383 1344 413 1391 et
424 1334 493 1392 inde
508 1354 540 1393 se
549 1354 584 1393 ea
596 1355 636 1394 ex
645 1345 797 1412 praecepto
807 1354 865 1394 nu·

116 1414 207 1472 minis
219 1414 368 1481 detulisse,
387 1422 421 1469 ut
436 1413 788 1473 consuesceaditaedium
800 1418 867 1473 me·

114 1503 163 1549 tus
173 1490 324 1568 religionis
337 1491 440 1549 vincat.
471 1492 560 1562 Dein,
569 1503 602 1551 ut
615 1494 812 1553 aeternitatem
823 1496 867 1555 le·

117 1570 204 1647 gibus
213 1569 274 1627 suis
283 1573 375 1640 daret,
385 1569 579 1649 iurejurando
587 1574 699 1649 obligat
706 1573 866 1645 civitatem,

108 1648 192 1727 ¹nihil
205 1668 256 1706 eos
264 1651 299 1707 de
310 1649 375 1728 ejus
382 1650 499 1727 legibus
506 1648 682 1721 mutaturos,
690 1649 866 1728 priusquam

116 1732 330 1787 reverteretur:
352 1738 382 1787 et
395 1729 517 1787 simulat
530 1749 561 1788 se
575 1732 612 1788 ad
624 1734 779 1789 oraculum
793 1728 868 1787 Del-

117 1806 244 1881 phicum
262 1807 420 1883 proficisci,
432 1810 647 1883 ,consulturum
667 1800 739 1885 quid
758 1810 872 1881 adden*

117 1887 192 1946 dum
204 1889 441 1963 mutandumque
453 1883 570 1964 legibus
582 1888 739 1947 videretur.
771 1887 868 1949 Profi-
933 1913 934 1916 ¹

177 2104 185 2128 ¹
204 2092 368 2157 Delphicum.
417 2092 538 2157 Delphos
561 2092 601 2158 (in
619 2092 732 2162 Phocis)
755 2104 783 2148 at
804 2111 868 2161 pre·

120 2166 180 2225 sent
191 2158 297 2215 eastre,
315 2174 331 2207 a
342 2158 411 2209 little
422 2158 522 2225 village
533 2160 601 2211 built
613 2176 681 2225 upon
690 2164 740 2213 the
751 2163 827 2213 ruine
839 2162 872 2214 of

119 2227 168 2277 the
185 2224 290 2275 ancient
306 2224 415 2290 Delphi.
451 2224 518 2276 This
535 2225 589 2289 city
607 2243 661 2279 was
678 2228 812 2280 rendered
826 2228 868 2281 fa·

119 2306 197 2341 mous
208 2290 244 2356 by
254 2292 301 2341 the
311 2290 413 2343 oraclee
425 2292 511 2343 which
524 2293 628 2357 Pythie,
639 2294 686 2345 the
696 2295 828 2359 priestese
839 2296 873 2347 ol

124 2357 228 2422 Apollo,
238 2356 346 2408 uttered
356 2354 383 2407 in
395 2374 411 2407 a
421 2359 531 2424 temple,
542 2360 716 2411 consecrated
727 2372 755 2411 at
767 2362 828 2413 first
838 2371 868 2414 to

119 2424 167 2475 the
177 2422 263 2484 earth,
271 2424 334 2475 then
341 2432 369 2475 to
376 2426 512 2489 Neptune,
520 2425 571 2474 and
578 2424 736 2477 afterwards
743 2436 771 2477 to
781 2431 868 2495 Apol-

120 2490 156 2539 lo'.
192 2489 251 2540 The
262 2491 363 2554 temple
375 2489 406 2539 oi
416 2492 515 2555 Delphi
527 2492 666 2543 contained
676 2502 753 2559 great
765 2493 869 2547 rienes.

122 2559 149 2609 lt
155 2572 209 2607 was
215 2556 334 2621 pillaged
342 2556 377 2621 by
385 2557 432 2606 the
441 2557 572 2607 Phooians
580 2558 660 2609 about
670 2561 781 2627 Philip’s
789 2562 869 2625 time,

121 2624 185 2676 then
194 2623 228 2689 by
238 2622 287 2675 the
299 2623 382 2675 Gauls
393 2621 426 2676 78
434 2638 512 2689 years
522 2622 614 2677 before
624 2627 704 2690 Jecur
717 2628 818 2681 Christ.
838 2634 843 2641 ’
