1875 3267
433 275 495 330 203

72 417 167 479 bus
150 439 171 477 a
183 419 298 494 Pyrrho
318 418 402 477 donis
416 419 535 509 missus,
558 420 719 510 nerninem,
743 419 833 497 cujus

71 499 191 556 domus
203 495 375 570 muneribus
388 509 513 572 pateret,
524 498 643 557 invenit.
675 499 754 559 Huic
763 517 834 557 con-

74 578 215 636 tinentiae
253 566 461 636 Romanorum
508 578 605 635 simile
645 582 831 679 exemplum,

72 656 190 714 iisdem
204 654 299 715 ferme
312 651 498 731 tempnribus
513 657 576 715 fuit.
621 658 700 715 Nam
713 657 798 715 missi
814 680 832 719 a

74 736 216 794 Senatu
209 753 239 792 ιιι
254 738 416 811 AEgyptum
428 735 528 813 legati,
547 734 618 795 cum
632 736 761 811 ingentia
775 736 832 795 sibi

74 834 95 871 a
116 817 283 884 Ptolemaeo
301 833 372 890 rege
385 814 477 871 missa
497 832 622 873 munera
632 814 831 905 sprevissent,

73 892 247 970 interjectis
259 894 362 951 diebus
384 894 420 950 ad
434 911 550 951 coenam
577 892 719 961 invitatis,
735 912 830 955 aureae

76 990 204 1029 eoronae
219 973 320 1030 missae
336 982 425 1040 sunt;
450 991 523 1047 quas
536 972 578 1031 illi
601 971 723 1029 honoris
744 976 832 1041 causa

78 1056 229 1124 receptas,
250 1054 369 1123 postera
389 1051 435 1129 die
453 1052 561 1109 statuis.
580 1052 662 1127 regis
683 1049 832 1125 imposue-

78 1139 165 1185 runt.
205 1127 302 1203 Igitur
311 1134 427 1203 cyneas
440 1128 512 1187 cum
526 1132 674 1187 turbatam
688 1147 760 1187 cum
775 1130 834 1185 Ro.

78 1206 183 1266 manis
195 1226 300 1282 pacem
314 1212 351 1267 ab
371 1209 471 1284 Appio
487 1209 609 1267 Claudio
622 1208 834 1279 renunciasset,

78 1286 282 1363 interrogatus
292 1310 308 1345 a
297 1287 432 1362 Pyrrho
445 1290 541 1363 qualis
561 1276 657 1358 ana
671 1298 758 1356 esset,
772 1306 833 1343 res·

78 1366 193 1439 pondit,
213 1370 332 1443 Regum
346 1370 451 1424 urbem
474 1368 528 1439 sibi
543 1368 646 1425 visam.
679 1366 750 1424 Post
764 1368 831 1425 haec

77 1446 170 1521 legati
210 1444 383 1504 Siculorum
423 1448 644 1521 superveniunt,
678 1448 832 1503 tradentes

77 1525 195 1597 Pyrrho
206 1524 297 1582 totius
310 1526 413 1583 insulae
428 1524 602 1601 imperium,
621 1545 683 1601 qua
702 1524 830 1582 assiduis

80 1603 377 1679 Carthaginiensium
385 1605 470 1661 bellis
480 1607 648 1662 vexabatur.
670 1607 774 1679 ltaque
785 1622 832 1661 re·

82 1683 156 1740 licto
177 1683 282 1739 Locris
297 1684 467 1740 Alexandro
489 1682 560 1751 filio,
580 1682 763 1757 firmatisque
784 1702 830 1739 so·

83 1761 202 1818 ciorum
215 1760 378 1817 civitatibus
390 1760 485 1819 valido
493 1760 638 1837 prasidiO,
651 1762 683 1819 in
697 1760 829 1822 Siciliam

83 1840 252 1899 exercitum
266 1838 446 1917 trajecit.

121 1916 203 1978 Cum
229 1920 392 1993 Syracusas
417 1903 555 1988 lenisset,
575 1920 739 2009 multasque
759 1916 829 1977 civi·

81 2010 157 2059 tates
176 1996 354 2075 subegisset,
367 2016 421 2056 rex
437 1996 557 2068 Siciliae,
571 1999 648 2055 sicut
662 1997 757 2073 Epiri,
778 2018 828 2075 ap·
872 2040 877 2055 ι

80 2082 215 2153 pellatur
265 2080 403 2150 Quarum
434 2096 537 2135 return
568 2077 707 2135 felicitate
730 2080 827 2148 laetus,
924 2118 925 2125 ι

84 2160 199 2215 Heleno
213 2156 274 2213 filio
288 2155 408 2225 Siciliae,
431 2159 510 2214 velut
531 2156 644 2219 avitum
662 2160 746 2222 (nam
762 2173 827 2215 sus-

85 2246 188 2309 ceptus
198 2255 236 2293 ex
253 2235 314 2293 lilia
324 2234 496 2312 Agathoclis
508 2235 589 2311 regis
603 2240 689 2308 erat),
698 2239 827 2295 Alexan·

86 2314 138 2371 dro
147 2327 245 2374 autem
258 2315 352 2374 Italiae,
364 2333 492 2390 regnum
505 2316 637 2373 destinat.
678 2316 748 2373 Post
760 2319 827 2391 haec

86 2396 177 2451 multa
198 2396 329 2454 secunda
347 2393 450 2466 praelia
469 2412 541 2451 cum
571 2393 826 2469 Carthaginiensi·

85 2471 139 2529 bus
152 2472 230 2530 lacit
272 2471 432 2569 lnterjeetp
451 2470 556 2530 deinde
577 2486 720 2550 tempore,
734 2470 825 2549 legati

83 2551 119 2609 ab
132 2550 241 2609 Italicis
255 2553 342 2616 sociis
354 2555 461 2608 venere
475 2554 659 2621 nunciantes,
680 2552 824 2610 Romanis

86 2629 178 2688 resisti
190 2648 249 2687 non
263 2648 348 2706 posse
368 2628 605 2707 deditionemque
618 2626 824 2695 futuram‚nisi

88 2710 243 2767 subveniat.
277 2708 397 2769 Anxius
405 2720 467 2765 tam
477 2711 617 2787 ambiguo
628 2706 789 2797 periculo,
782 2722 825 2761 m-
860 2770 865 2779 Ι

89 2800 239 2865 certusque
261 2788 332 2866 quid
352 2785 464 2864 ageret,
488 2790 535 2847 tel
560 2788 667 2904 quibus
691 2779 834 2867 primurn⁴
