<?xml version="1.0" encoding="UTF-8"?>
<!DOCTYPE html PUBLIC "-//W3C//DTD XHTML 1.0 Transitional//EN"
    "http://www.w3.org/TR/xhtml1/DTD/xhtml1-transitional.dtd">
<html xmlns="http://www.w3.org/1999/xhtml" xml:lang="en" lang="en">
 <head>
  <title>
</title>
<meta http-equiv="Content-Type" content="text/html;charset=utf-8" />
  <meta name='ocr-system' content='tesseract 3.04.00' />
  <meta name='ocr-capabilities' content='ocr_page ocr_carea ocr_par ocr_line ocrx_word'/>
</head>
<body>
  <div class='ocr_page' id='page_1' title='image "./narrationesexce00watsgoog_0053.png"; bbox 0 0 1875 3267; ppageno 0'>
   <div class='ocr_carea' id='block_1_1' title="bbox 466 319 511 375">
    <p class='ocr_par' dir='ltr' id='par_1_1' title="bbox 466 319 511 375">
     <span class='ocr_line' id='line_1_1' title="bbox 466 319 511 375; baseline 0.044 -2"><span class='ocrx_word' id='word_1_1' title='bbox 466 319 511 375; x_wconf 81' lang='lat'>50</span> 
     </span>
    </p>
   </div>
   <div class='ocr_carea' id='block_1_2' title="bbox 126 445 861 552">
    <p class='ocr_par' dir='ltr' id='par_1_2' title="bbox 126 445 861 552">
     <span class='ocr_line' id='line_1_2' title="bbox 126 445 861 552; baseline -0.008 -27"><span class='ocrx_word' id='word_1_2' title='bbox 126 464 220 537; x_wconf 87' lang='lat' dir='ltr'>stadii,</span> <span class='ocrx_word' id='word_1_3' title='bbox 232 474 358 524; x_wconf 83' lang='lat' dir='ltr'>matrem</span> <span class='ocrx_word' id='word_1_4' title='bbox 369 461 454 521; x_wconf 79' lang='lat' dir='ltr'>Darii</span> <span class='ocrx_word' id='word_1_5' title='bbox 478 445 676 552; x_wconf 80' lang='lat' dir='ltr'>S&#39;ysigambim</span> <span class='ocrx_word' id='word_1_6' title='bbox 688 477 796 519; x_wconf 87' lang='lat' dir='ltr'>currus</span> <span class='ocrx_word' id='word_1_7' title='bbox 809 479 861 519; x_wconf 85' lang='lat' dir='ltr'>ve·</span> 
     </span>
    </p>
   </div>
   <div class='ocr_carea' id='block_1_3' title="bbox 92 538 931 1709">
    <p class='ocr_par' dir='ltr' id='par_1_3' title="bbox 92 538 931 1709">
     <span class='ocr_line' id='line_1_3' title="bbox 125 538 859 632; baseline -0.01 -29"><span class='ocrx_word' id='word_1_8' title='bbox 125 548 220 614; x_wconf 75' lang='lat' dir='ltr'>hebet,</span> <span class='ocrx_word' id='word_1_9' title='bbox 233 540 299 601; x_wconf 89' lang='lat' dir='ltr'>etin</span> <span class='ocrx_word' id='word_1_10' title='bbox 311 542 366 601; x_wconf 84' lang='lat' dir='ltr'>alio</span> <span class='ocrx_word' id='word_1_11' title='bbox 379 553 441 632; x_wconf 71' lang='lat' dir='ltr'>erat</span> <span class='ocrx_word' id='word_1_12' title='bbox 453 540 575 632; x_wconf 76' lang='lat' dir='ltr'>conjux:</span> <span class='ocrx_word' id='word_1_13' title='bbox 567 540 671 597; x_wconf 87' lang='lat' dir='ltr'>turba</span> <span class='ocrx_word' id='word_1_14' title='bbox 677 538 859 597; x_wconf 85' lang='lat' dir='ltr'>femmarum</span> 
     </span>
     <span class='ocr_line' id='line_1_4' title="bbox 125 617 865 698; baseline -0.006 -19"><span class='ocrx_word' id='word_1_15' title='bbox 125 622 243 698; x_wconf 84' lang='lat' dir='ltr'>reginas</span> <span class='ocrx_word' id='word_1_16' title='bbox 255 619 456 679; x_wconf 90' lang='lat' dir='ltr'>comitantium</span> <span class='ocrx_word' id='word_1_17' title='bbox 470 618 556 695; x_wconf 88' lang='lat' dir='ltr'>equis</span> <span class='ocrx_word' id='word_1_18' title='bbox 567 620 743 677; x_wconf 85' lang='lat' dir='ltr'>vectabatur.</span> <span class='ocrx_word' id='word_1_19' title='bbox 763 617 865 689; x_wconf 91' lang='lat' dir='ltr'>Quin</span> 
     </span>
     <span class='ocr_line' id='line_1_5' title="bbox 125 697 861 775; baseline -0.006 -18"><span class='ocrx_word' id='word_1_20' title='bbox 125 697 305 768; x_wconf 69' lang='lat' dir='ltr'>acuminat,</span> <span class='ocrx_word' id='word_1_21' title='bbox 317 717 389 775; x_wconf 87' lang='lat' dir='ltr'>quas</span> <span class='ocrx_word' id='word_1_22' title='bbox 397 702 590 754; x_wconf 60' lang='lat' dir='ltr'>armamaxas</span> <span class='ocrx_word' id='word_1_23' title='bbox 601 698 747 772; x_wconf 84' lang='lat' dir='ltr'>appellant</span> <span class='ocrx_word' id='word_1_24' title='bbox 754 714 861 771; x_wconf 90' lang='lat' dir='ltr'>seque·</span> 
     </span>
     <span class='ocr_line' id='line_1_6' title="bbox 124 774 862 850; baseline -0.003 -15"><span class='ocrx_word' id='word_1_25' title='bbox 124 781 252 847; x_wconf 86' lang='lat' dir='ltr'>bantur;</span> <span class='ocrx_word' id='word_1_26' title='bbox 272 779 303 835; x_wconf 91' lang='lat' dir='ltr'>in</span> <span class='ocrx_word' id='word_1_27' title='bbox 316 777 362 835; x_wconf 89' lang='lat' dir='ltr'>his</span> <span class='ocrx_word' id='word_1_28' title='bbox 375 785 457 834; x_wconf 87' lang='lat' dir='ltr'>erant</span> <span class='ocrx_word' id='word_1_29' title='bbox 469 775 553 835; x_wconf 87' lang='lat' dir='ltr'>liberi</span> <span class='ocrx_word' id='word_1_30' title='bbox 577 775 668 850; x_wconf 86' lang='lat' dir='ltr'>regis,</span> <span class='ocrx_word' id='word_1_31' title='bbox 679 786 710 832; x_wconf 88' lang='lat' dir='ltr'>et</span> <span class='ocrx_word' id='word_1_32' title='bbox 721 794 772 850; x_wconf 76' lang='lat' dir='ltr'>qui</span> <span class='ocrx_word' id='word_1_33' title='bbox 763 774 862 833; x_wconf 85' lang='lat' dir='ltr'>edu·</span> 
     </span>
     <span class='ocr_line' id='line_1_7' title="bbox 125 850 864 930; baseline -0.007 -15"><span class='ocrx_word' id='word_1_34' title='bbox 125 850 296 924; x_wconf 74' lang='lat' dir='ltr'>cubantem,</span> <span class='ocrx_word' id='word_1_35' title='bbox 309 856 526 930; x_wconf 83' lang='lat' dir='ltr'>spadonumque</span> <span class='ocrx_word' id='word_1_36' title='bbox 537 870 621 930; x_wconf 81' lang='lat' dir='ltr'>grex,</span> <span class='ocrx_word' id='word_1_37' title='bbox 626 854 704 912; x_wconf 85' lang='lat' dir='ltr'>haud</span> <span class='ocrx_word' id='word_1_38' title='bbox 717 871 786 911; x_wconf 83' lang='lat' dir='ltr'>sane</span> <span class='ocrx_word' id='word_1_39' title='bbox 800 851 864 910; x_wconf 90' lang='lat' dir='ltr'>illis</span> 
     </span>
     <span class='ocr_line' id='line_1_8' title="bbox 125 932 881 1027; baseline -0.007 -33"><span class='ocrx_word' id='word_1_40' title='bbox 125 934 262 1027; x_wconf 55' lang='lat' dir='ltr'>gentitus</span> <span class='ocrx_word' id='word_1_41' title='bbox 273 934 347 993; x_wconf 89' lang='lat' dir='ltr'>vilis.</span> <span class='ocrx_word' id='word_1_42' title='bbox 381 933 462 990; x_wconf 88' lang='lat' dir='ltr'>Tum</span> <span class='ocrx_word' id='word_1_43' title='bbox 476 932 567 1008; x_wconf 82' lang='lat' dir='ltr'>regiae</span> <span class='ocrx_word' id='word_1_44' title='bbox 582 932 703 1022; x_wconf 77' lang='lat' dir='ltr'>pellices</span> <span class='ocrx_word' id='word_1_45' title='bbox 715 941 881 989; x_wconf 77' lang='lat' dir='ltr'>trecentae</span> 
     </span>
     <span class='ocr_line' id='line_1_9' title="bbox 124 1009 866 1102; baseline -0.01 -31"><span class='ocrx_word' id='word_1_46' title='bbox 124 1013 277 1090; x_wconf 78' lang='lat' dir='ltr'>sexaginta</span> <span class='ocrx_word' id='word_1_47' title='bbox 289 1013 475 1080; x_wconf 83' lang='lat' dir='ltr'>vehebantur,</span> <span class='ocrx_word' id='word_1_48' title='bbox 487 1020 516 1068; x_wconf 93' lang='lat' dir='ltr'>et</span> <span class='ocrx_word' id='word_1_49' title='bbox 529 1010 600 1102; x_wconf 81' lang='lat' dir='ltr'>ipsae</span> <span class='ocrx_word' id='word_1_50' title='bbox 614 1009 706 1101; x_wconf 86' lang='lat' dir='ltr'>regali</span> <span class='ocrx_word' id='word_1_51' title='bbox 716 1011 799 1068; x_wconf 88' lang='lat' dir='ltr'>cultu</span> <span class='ocrx_word' id='word_1_52' title='bbox 811 1027 866 1065; x_wconf 88' lang='lat' dir='ltr'>or·</span> 
     </span>
     <span class='ocr_line' id='line_1_10' title="bbox 123 1085 930 1167; baseline -0.004 -17.856"><span class='ocrx_word' id='word_1_53' title='bbox 123 1102 270 1167; x_wconf 81' lang='lat' dir='ltr'>natuque3</span> <span class='ocrx_word' id='word_1_54' title='bbox 290 1100 357 1166; x_wconf 90' lang='lat' dir='ltr'>post</span> <span class='ocrx_word' id='word_1_55' title='bbox 366 1108 438 1165; x_wconf 89' lang='lat' dir='ltr'>quas</span> <span class='ocrx_word' id='word_1_56' title='bbox 450 1090 607 1163; x_wconf 86' lang='lat' dir='ltr'>pecuniam</span> <span class='ocrx_word' id='word_1_57' title='bbox 626 1087 706 1165; x_wconf 87' lang='lat' dir='ltr'>regis</span> <span class='ocrx_word' id='word_1_58' title='bbox 726 1085 861 1145; x_wconf 80' lang='lat' dir='ltr'>sexcenti</span> <span class='ocrx_word' id='word_1_59' title='bbox 929 1109 930 1146; x_wconf 68' lang='grc' dir='ltr'>ι</span> 
     </span>
     <span class='ocr_line' id='line_1_11' title="bbox 119 1157 930 1241; baseline -0.007 -12.55"><span class='ocrx_word' id='word_1_60' title='bbox 119 1170 196 1228; x_wconf 84' lang='lat' dir='ltr'>mi</span> <span class='ocrx_word' id='word_1_61' title='bbox 209 1182 239 1228; x_wconf 93' lang='lat' dir='ltr'>et</span> <span class='ocrx_word' id='word_1_62' title='bbox 251 1169 373 1229; x_wconf 81' lang='lat' dir='ltr'>trecenti</span> <span class='ocrx_word' id='word_1_63' title='bbox 383 1166 488 1230; x_wconf 87' lang='lat' dir='ltr'>cameli</span> <span class='ocrx_word' id='word_1_64' title='bbox 500 1168 650 1235; x_wconf 79' lang='lat' dir='ltr'>vehebant,</span> <span class='ocrx_word' id='word_1_65' title='bbox 663 1164 800 1241; x_wconf 75' lang='lat' dir='ltr'>praesidio</span> <span class='ocrx_word' id='word_1_66' title='bbox 812 1183 862 1223; x_wconf 84' lang='lat' dir='ltr'>sa·</span> <span class='ocrx_word' id='word_1_67' title='bbox 929 1157 930 1214; x_wconf 71' lang='lat' dir='ltr'>i</span> 
     </span>
     <span class='ocr_line' id='line_1_12' title="bbox 124 1242 931 1346; baseline -0.004 -42"><span class='ocrx_word' id='word_1_68' title='bbox 124 1246 167 1323; x_wconf 88' lang='lat' dir='ltr'>git</span> <span class='ocrx_word' id='word_1_69' title='bbox 197 1249 307 1307; x_wconf 74' lang='lat' dir='ltr'>riorum</span> <span class='ocrx_word' id='word_1_70' title='bbox 332 1255 536 1321; x_wconf 81' lang='lat' dir='ltr'><strong>prosequente.</strong></span> <span class='ocrx_word' id='word_1_71' title='bbox 575 1242 862 1335; x_wconf 77' lang='lat' dir='ltr'>Propinquorum·</span> <span class='ocrx_word' id='word_1_72' title='bbox 929 1305 931 1346; x_wconf 46' lang='grc' dir='ltr'>Ι</span> 
     </span>
     <span class='ocr_line' id='line_1_13' title="bbox 92 1320 931 1404; baseline -0.011 -15"><span class='ocrx_word' id='word_1_73' title='bbox 92 1382 94 1389; x_wconf 86' lang='grc'>.</span> <span class='ocrx_word' id='word_1_74' title='bbox 122 1328 328 1399; x_wconf 87' lang='lat' dir='ltr'>micorumque</span> <span class='ocrx_word' id='word_1_75' title='bbox 341 1340 486 1400; x_wconf 72' lang='lat' dir='ltr'>conjuges</span> <span class='ocrx_word' id='word_1_76' title='bbox 493 1324 560 1381; x_wconf 77' lang='lat' dir='ltr'>huic</span> <span class='ocrx_word' id='word_1_77' title='bbox 573 1320 685 1399; x_wconf 88' lang='lat' dir='ltr'>agmini</span> <span class='ocrx_word' id='word_1_78' title='bbox 697 1320 859 1397; x_wconf 85' lang='lat' dir='ltr'>proximae,</span> <span class='ocrx_word' id='word_1_79' title='bbox 929 1353 931 1404; x_wconf 51' lang='grc' dir='ltr'>ι</span> 
     </span>
     <span class='ocr_line' id='line_1_14' title="bbox 126 1401 931 1493; baseline -0.002 -34"><span class='ocrx_word' id='word_1_80' title='bbox 126 1403 314 1476; x_wconf 84' lang='lat' dir='ltr'><strong>lixarumque</strong></span> <span class='ocrx_word' id='word_1_81' title='bbox 336 1411 366 1458; x_wconf 87' lang='lat' dir='ltr'>et</span> <span class='ocrx_word' id='word_1_82' title='bbox 388 1402 524 1457; x_wconf 86' lang='lat' dir='ltr'>calonum</span> <span class='ocrx_word' id='word_1_83' title='bbox 545 1418 653 1493; x_wconf 78' lang='lat' dir='ltr'>greges</span> <span class='ocrx_word' id='word_1_84' title='bbox 668 1401 864 1458; x_wconf 75' lang='lat' dir='ltr'>tenebantur</span> <span class='ocrx_word' id='word_1_85' title='bbox 929 1417 931 1430; x_wconf 79' lang='lat'><strong>¹</strong></span> 
     </span>
     <span class='ocr_line' id='line_1_15' title="bbox 123 1477 863 1554; baseline 0.001 -19"><span class='ocrx_word' id='word_1_86' title='bbox 123 1478 230 1536; x_wconf 86' lang='lat' dir='ltr'>Ultimi</span> <span class='ocrx_word' id='word_1_87' title='bbox 244 1488 326 1536; x_wconf 88' lang='lat' dir='ltr'>erant</span> <span class='ocrx_word' id='word_1_88' title='bbox 339 1496 406 1539; x_wconf 89' lang='lat' dir='ltr'>cum</span> <span class='ocrx_word' id='word_1_89' title='bbox 429 1478 489 1535; x_wconf 90' lang='lat' dir='ltr'>suis</span> <span class='ocrx_word' id='word_1_90' title='bbox 510 1480 634 1553; x_wconf 89' lang='lat' dir='ltr'>quisque</span> <span class='ocrx_word' id='word_1_91' title='bbox 660 1477 783 1536; x_wconf 91' lang='lat' dir='ltr'>ducibus</span> <span class='ocrx_word' id='word_1_92' title='bbox 805 1478 863 1554; x_wconf 82' lang='lat' dir='ltr'>qui·</span> 
     </span>
     <span class='ocr_line' id='line_1_16' title="bbox 124 1554 931 1648; baseline -0.001 -34"><span class='ocrx_word' id='word_1_93' title='bbox 124 1567 263 1633; x_wconf 86' lang='lat' dir='ltr'>cogerent</span> <span class='ocrx_word' id='word_1_94' title='bbox 271 1575 387 1633; x_wconf 82' lang='lat' dir='ltr'>agmen,</span> <span class='ocrx_word' id='word_1_95' title='bbox 396 1555 498 1613; x_wconf 84' lang='lat' dir='ltr'>levrter</span> <span class='ocrx_word' id='word_1_96' title='bbox 509 1556 620 1615; x_wconf 82' lang='grc' dir='ltr'>ιιιιιιιιιι</span> <span class='ocrx_word' id='word_1_97' title='bbox 640 1554 866 1648; x_wconf 77' lang='lat' dir='ltr'>Contrasiquis</span> <span class='ocrx_word' id='word_1_98' title='bbox 929 1577 931 1596; x_wconf 80' lang='lat'><strong>¹</strong></span> 
     </span>
     <span class='ocr_line' id='line_1_17' title="bbox 123 1632 865 1709; baseline 0 -16"><span class='ocrx_word' id='word_1_99' title='bbox 123 1636 217 1693; x_wconf 84' lang='lat' dir='ltr'>aciem</span> <span class='ocrx_word' id='word_1_100' title='bbox 240 1636 438 1694; x_wconf 83' lang='lat' dir='ltr'>Macedonum</span> <span class='ocrx_word' id='word_1_101' title='bbox 461 1634 634 1705; x_wconf 80' lang='lat' dir='ltr'>intueretur,</span> <span class='ocrx_word' id='word_1_102' title='bbox 658 1632 756 1709; x_wconf 82' lang='lat' dir='ltr'>dispar</span> <span class='ocrx_word' id='word_1_103' title='bbox 777 1635 865 1693; x_wconf 81' lang='lat' dir='ltr'>acies·</span> 
     </span>
    </p>
   </div>
   <div class='ocr_carea' id='block_1_4' title="bbox 9 1700 861 1789">
    <p class='ocr_par' dir='ltr' id='par_1_4' title="bbox 9 1700 861 1789">
     <span class='ocr_line' id='line_1_18' title="bbox 9 1700 861 1789; baseline 0 -18"><span class='ocrx_word' id='word_1_104' title='bbox 9 1700 10 1707; x_wconf 9' lang='grc' dir='ltr'>ἵ</span> <span class='ocrx_word' id='word_1_105' title='bbox 101 1716 104 1721; x_wconf 88' lang='grc'><strong>’</strong></span> <span class='ocrx_word' id='word_1_106' title='bbox 124 1725 208 1783; x_wconf 89' lang='lat' dir='ltr'>erat;</span> <span class='ocrx_word' id='word_1_107' title='bbox 227 1712 310 1789; x_wconf 87' lang='lat' dir='ltr'>equis</span> <span class='ocrx_word' id='word_1_108' title='bbox 327 1713 453 1789; x_wconf 72' lang='lat' dir='ltr'>uirisque</span> <span class='ocrx_word' id='word_1_109' title='bbox 466 1730 525 1771; x_wconf 91' lang='lat' dir='ltr'>nou</span> <span class='ocrx_word' id='word_1_110' title='bbox 547 1732 627 1781; x_wconf 87' lang='lat' dir='ltr'>auro,</span> <span class='ocrx_word' id='word_1_111' title='bbox 646 1731 704 1771; x_wconf 86' lang='lat' dir='ltr'>non</span> <span class='ocrx_word' id='word_1_112' title='bbox 717 1712 861 1771; x_wconf 73' lang='lat' dir='ltr'>discolora</span> 
     </span>
    </p>
   </div>
   <div class='ocr_carea' id='block_1_5' title="bbox 121 1788 930 2492">
    <p class='ocr_par' dir='ltr' id='par_1_5' title="bbox 122 1788 930 2415">
     <span class='ocr_line' id='line_1_19' title="bbox 123 1788 866 1882; baseline 0.001 -34"><span class='ocrx_word' id='word_1_113' title='bbox 123 1806 214 1862; x_wconf 89' lang='lat' dir='ltr'>veste,</span> <span class='ocrx_word' id='word_1_114' title='bbox 227 1794 279 1851; x_wconf 86' lang='lat' dir='ltr'>sed</span> <span class='ocrx_word' id='word_1_115' title='bbox 291 1791 368 1851; x_wconf 85' lang='lat' dir='ltr'>ferro</span> <span class='ocrx_word' id='word_1_116' title='bbox 388 1802 474 1867; x_wconf 88' lang='lat' dir='ltr'>atque</span> <span class='ocrx_word' id='word_1_117' title='bbox 497 1810 556 1849; x_wconf 88' lang='lat' dir='ltr'>aere</span> <span class='ocrx_word' id='word_1_118' title='bbox 582 1788 783 1882; x_wconf 86' lang='lat' dir='ltr'>fulgentibus.</span> <span class='ocrx_word' id='word_1_119' title='bbox 805 1812 866 1869; x_wconf 84' lang='lat' dir='ltr'>ag-</span> 
     </span>
     <span class='ocr_line' id='line_1_20' title="bbox 123 1869 865 1944; baseline 0.001 -17"><span class='ocrx_word' id='word_1_120' title='bbox 123 1888 194 1928; x_wconf 90' lang='lat' dir='ltr'>men</span> <span class='ocrx_word' id='word_1_121' title='bbox 206 1882 236 1929; x_wconf 89' lang='lat' dir='ltr'>et</span> <span class='ocrx_word' id='word_1_122' title='bbox 245 1882 320 1928; x_wconf 78' lang='lat' dir='ltr'>stare</span> <span class='ocrx_word' id='word_1_123' title='bbox 332 1882 468 1944; x_wconf 87' lang='lat' dir='ltr'>paratum</span> <span class='ocrx_word' id='word_1_124' title='bbox 477 1880 506 1927; x_wconf 90' lang='lat' dir='ltr'>et</span> <span class='ocrx_word' id='word_1_125' title='bbox 518 1869 610 1944; x_wconf 84' lang='lat' dir='ltr'>sequi,</span> <span class='ocrx_word' id='word_1_126' title='bbox 621 1872 782 1939; x_wconf 71' lang='lat' dir='ltr'>necturna,</span> <span class='ocrx_word' id='word_1_127' title='bbox 799 1887 865 1928; x_wconf 77' lang='lat' dir='ltr'>nee</span> 
     </span>
     <span class='ocr_line' id='line_1_21' title="bbox 125 1947 865 2023; baseline 0.001 -18"><span class='ocrx_word' id='word_1_128' title='bbox 125 1948 247 2005; x_wconf 88' lang='lat' dir='ltr'>sarcinis</span> <span class='ocrx_word' id='word_1_129' title='bbox 270 1966 445 2023; x_wconf 77' lang='lat' dir='ltr'>praegmve3</span> <span class='ocrx_word' id='word_1_130' title='bbox 466 1947 609 2006; x_wconf 89' lang='lat' dir='ltr'>intentum</span> <span class='ocrx_word' id='word_1_131' title='bbox 629 1948 665 2006; x_wconf 84' lang='lat' dir='ltr'>ad</span> <span class='ocrx_word' id='word_1_132' title='bbox 686 1947 768 2005; x_wconf 89' lang='lat' dir='ltr'>ducis</span> <span class='ocrx_word' id='word_1_133' title='bbox 795 1965 865 2007; x_wconf 78' lang='lat' dir='ltr'>nom</span> 
     </span>
     <span class='ocr_line' id='line_1_22' title="bbox 124 2023 861 2100; baseline 0.005 -19"><span class='ocrx_word' id='word_1_134' title='bbox 124 2025 244 2100; x_wconf 90' lang='lat' dir='ltr'>signum</span> <span class='ocrx_word' id='word_1_135' title='bbox 256 2023 352 2093; x_wconf 80' lang='lat' dir='ltr'>modd,</span> <span class='ocrx_word' id='word_1_136' title='bbox 369 2027 421 2082; x_wconf 87' lang='lat' dir='ltr'>sed</span> <span class='ocrx_word' id='word_1_137' title='bbox 442 2025 532 2083; x_wconf 86' lang='lat' dir='ltr'>etiam</span> <span class='ocrx_word' id='word_1_138' title='bbox 551 2037 678 2085; x_wconf 77' lang='lat' dir='ltr'>nutum:</span> <span class='ocrx_word' id='word_1_139' title='bbox 699 2038 728 2084; x_wconf 90' lang='lat' dir='ltr'>et</span> <span class='ocrx_word' id='word_1_140' title='bbox 749 2027 861 2085; x_wconf 81' lang='lat' dir='ltr'>castris-</span> 
     </span>
     <span class='ocr_line' id='line_1_23' title="bbox 123 2101 860 2180; baseline 0 -19"><span class='ocrx_word' id='word_1_141' title='bbox 123 2105 214 2170; x_wconf 87' lang='lat' dir='ltr'>locus‚</span> <span class='ocrx_word' id='word_1_142' title='bbox 239 2113 268 2159; x_wconf 92' lang='lat' dir='ltr'>et</span> <span class='ocrx_word' id='word_1_143' title='bbox 289 2101 430 2160; x_wconf 86' lang='lat' dir='ltr'>exercitui</span> <span class='ocrx_word' id='word_1_144' title='bbox 452 2113 633 2162; x_wconf 89' lang='lat' dir='ltr'>commeatus</span> <span class='ocrx_word' id='word_1_145' title='bbox 657 2107 860 2180; x_wconf 86' lang='lat' dir='ltr'>suppetebant</span> 
     </span>
     <span class='ocr_line' id='line_1_24' title="bbox 124 2180 860 2256; baseline 0.006 -19"><span class='ocrx_word' id='word_1_146' title='bbox 124 2180 206 2256; x_wconf 85' lang='lat' dir='ltr'>Ergo</span> <span class='ocrx_word' id='word_1_147' title='bbox 231 2180 425 2239; x_wconf 84' lang='lat' dir='ltr'>Alexandro&#39;</span> <span class='ocrx_word' id='word_1_148' title='bbox 418 2198 449 2238; x_wconf 90' lang='lat' dir='ltr'>m</span> <span class='ocrx_word' id='word_1_149' title='bbox 469 2182 532 2247; x_wconf 86' lang='lat' dir='ltr'>acie</span> <span class='ocrx_word' id='word_1_150' title='bbox 551 2182 637 2241; x_wconf 88' lang='lat' dir='ltr'>miles</span> <span class='ocrx_word' id='word_1_151' title='bbox 661 2202 719 2241; x_wconf 93' lang='lat' dir='ltr'>non</span> <span class='ocrx_word' id='word_1_152' title='bbox 752 2183 860 2241; x_wconf 85' lang='lat' dir='ltr'>defuit·</span> 
     </span>
     <span class='ocr_line' id='line_1_25' title="bbox 123 2257 930 2353; baseline 0.006 -38"><span class='ocrx_word' id='word_1_153' title='bbox 123 2257 234 2316; x_wconf 87' lang='lat' dir='ltr'>Darius</span> <span class='ocrx_word' id='word_1_154' title='bbox 253 2266 339 2317; x_wconf 85' lang='lat' dir='ltr'>tantae</span> <span class='ocrx_word' id='word_1_155' title='bbox 365 2260 558 2318; x_wconf 89' lang='lat' dir='ltr'>multitudinis</span> <span class='ocrx_word' id='word_1_156' title='bbox 582 2279 645 2329; x_wconf 84' lang='lat' dir='ltr'>rex,</span> <span class='ocrx_word' id='word_1_157' title='bbox 662 2260 751 2319; x_wconf 90' lang='lat' dir='ltr'>loci</span> <span class='ocrx_word' id='word_1_158' title='bbox 743 2279 774 2318; x_wconf 87' lang='grc' dir='ltr'>ιιι</span> <span class='ocrx_word' id='word_1_159' title='bbox 796 2282 863 2353; x_wconf 78' lang='lat' dir='ltr'>quo</span> <span class='ocrx_word' id='word_1_160' title='bbox 928 2313 930 2320; x_wconf 93' lang='lat'><em>.</em></span> 
     </span>
     <span class='ocr_line' id='line_1_26' title="bbox 122 2335 857 2427; baseline 0.007 -32"><span class='ocrx_word' id='word_1_161' title='bbox 122 2335 259 2411; x_wconf 84' lang='lat' dir='ltr'>pugnavit</span> <span class='ocrx_word' id='word_1_162' title='bbox 278 2336 426 2427; x_wconf 85' lang='lat' dir='ltr'>angustiis,</span> <span class='ocrx_word' id='word_1_163' title='bbox 441 2340 575 2396; x_wconf 85' lang='lat' dir='ltr'>redactus</span> <span class='ocrx_word' id='word_1_164' title='bbox 594 2352 638 2398; x_wconf 93' lang='lat' dir='ltr'>est</span> <span class='ocrx_word' id='word_1_165' title='bbox 664 2342 701 2400; x_wconf 89' lang='lat' dir='ltr'>ad</span> <span class='ocrx_word' id='word_1_166' title='bbox 726 2341 857 2415; x_wconf 84' lang='lat' dir='ltr'>paucita-</span> 
     </span>
    </p>

    <p class='ocr_par' dir='ltr' id='par_1_6' title="bbox 121 2416 648 2492">
     <span class='ocr_line' id='line_1_27' title="bbox 121 2416 648 2492; baseline 0.008 -21"><span class='ocrx_word' id='word_1_167' title='bbox 121 2425 183 2472; x_wconf 90' lang='lat' dir='ltr'>tem</span> <span class='ocrx_word' id='word_1_168' title='bbox 196 2432 283 2489; x_wconf 87' lang='lat' dir='ltr'>quam</span> <span class='ocrx_word' id='word_1_169' title='bbox 296 2416 325 2473; x_wconf 90' lang='lat' dir='ltr'>in</span> <span class='ocrx_word' id='word_1_170' title='bbox 338 2418 401 2473; x_wconf 90' lang='lat' dir='ltr'>host</span> <span class='ocrx_word' id='word_1_171' title='bbox 390 2426 418 2473; x_wconf 89' lang='lat' dir='ltr'>te</span> <span class='ocrx_word' id='word_1_172' title='bbox 430 2427 648 2492; x_wconf 85' lang='lat' dir='ltr'>contempserat.</span> 
     </span>
    </p>
   </div>
   <div class='ocr_carea' id='block_1_6' title="bbox 0 0 942 3267">
    <p class='ocr_par' dir='ltr' id='par_1_7' title="bbox 0 0 942 3267">
     <span class='ocr_line' id='line_1_28' title="bbox 0 0 942 3267; baseline 0 1"><span class='ocrx_word' id='word_1_173' title='bbox 0 0 942 3267; x_wconf 95' lang='lat' dir='ltr'> </span> 
     </span>
    </p>
   </div>
  </div>
 </body>
</html>
