<?xml version="1.0" encoding="UTF-8"?>
<!DOCTYPE html PUBLIC "-//W3C//DTD XHTML 1.0 Transitional//EN"
    "http://www.w3.org/TR/xhtml1/DTD/xhtml1-transitional.dtd">
<html xmlns="http://www.w3.org/1999/xhtml" xml:lang="en" lang="en">
 <head>
  <title>
</title>
<meta http-equiv="Content-Type" content="text/html;charset=utf-8" />
  <meta name='ocr-system' content='tesseract 3.04.00' />
  <meta name='ocr-capabilities' content='ocr_page ocr_carea ocr_par ocr_line ocrx_word'/>
</head>
<body>
  <div class='ocr_page' id='page_1' title='image "./narrationesexce00watsgoog_0104.png"; bbox 0 0 1875 3267; ppageno 0'>
   <div class='ocr_carea' id='block_1_1' title="bbox 411 259 479 314">
    <p class='ocr_par' dir='ltr' id='par_1_1' title="bbox 411 259 479 314">
     <span class='ocr_line' id='line_1_1' title="bbox 411 259 479 314; baseline 0 -1"><span class='ocrx_word' id='word_1_1' title='bbox 411 259 479 314; x_wconf 91' lang='grc' dir='ltr'>Ι101</span> 
     </span>
    </p>
   </div>
   <div class='ocr_carea' id='block_1_2' title="bbox 55 402 811 710">
    <p class='ocr_par' dir='ltr' id='par_1_2' title="bbox 55 402 811 710">
     <span class='ocr_line' id='line_1_2' title="bbox 55 402 810 483; baseline -0.005 -19"><span class='ocrx_word' id='word_1_2' title='bbox 55 426 132 467; x_wconf 79' lang='lat' dir='ltr'>ium</span> <span class='ocrx_word' id='word_1_3' title='bbox 144 405 246 465; x_wconf 89' lang='lat' dir='ltr'>omnis</span> <span class='ocrx_word' id='word_1_4' title='bbox 255 402 421 474; x_wconf 86' lang='lat' dir='ltr'>multitudo,</span> <span class='ocrx_word' id='word_1_5' title='bbox 435 422 505 461; x_wconf 89' lang='lat' dir='ltr'>cum</span> <span class='ocrx_word' id='word_1_6' title='bbox 518 402 616 461; x_wconf 88' lang='lat' dir='ltr'>liberis</span> <span class='ocrx_word' id='word_1_7' title='bbox 629 421 662 461; x_wconf 84' lang='lat' dir='ltr'>ac</span> <span class='ocrx_word' id='word_1_8' title='bbox 676 403 810 483; x_wconf 86' lang='lat' dir='ltr'>conjugi.</span> 
     </span>
     <span class='ocr_line' id='line_1_3' title="bbox 56 480 811 558; baseline -0.004 -16"><span class='ocrx_word' id='word_1_9' title='bbox 56 490 117 545; x_wconf 88' lang='lat' dir='ltr'>bus</span> <span class='ocrx_word' id='word_1_10' title='bbox 143 485 236 542; x_wconf 85' lang='lat' dir='ltr'>venit</span> <span class='ocrx_word' id='word_1_11' title='bbox 277 481 395 542; x_wconf 86' lang='lat' dir='ltr'>Invitati</span> <span class='ocrx_word' id='word_1_12' title='bbox 422 480 604 558; x_wconf 83' lang='lat' dir='ltr'>hospitaliter</span> <span class='ocrx_word' id='word_1_13' title='bbox 625 498 678 557; x_wconf 92' lang='lat' dir='ltr'>per</span> <span class='ocrx_word' id='word_1_14' title='bbox 696 485 811 551; x_wconf 87' lang='lat' dir='ltr'>domos,</span> 
     </span>
     <span class='ocr_line' id='line_1_4' title="bbox 57 560 809 639; baseline -0.007 -16"><span class='ocrx_word' id='word_1_15' title='bbox 57 582 160 639; x_wconf 90' lang='lat' dir='ltr'>quum</span> <span class='ocrx_word' id='word_1_16' title='bbox 173 563 267 621; x_wconf 86' lang='lat' dir='ltr'>situm</span> <span class='ocrx_word' id='word_1_17' title='bbox 284 562 450 637; x_wconf 89' lang='lat' dir='ltr'>maeniaque</span> <span class='ocrx_word' id='word_1_18' title='bbox 473 570 503 618; x_wconf 89' lang='lat' dir='ltr'>et</span> <span class='ocrx_word' id='word_1_19' title='bbox 521 560 704 635; x_wconf 83' lang='lat' dir='ltr'><strong>frequentem</strong></span> <span class='ocrx_word' id='word_1_20' title='bbox 723 561 809 620; x_wconf 87' lang='lat' dir='ltr'>tectis</span> 
     </span>
     <span class='ocr_line' id='line_1_5' title="bbox 58 639 811 710; baseline -0.003 -11"><span class='ocrx_word' id='word_1_21' title='bbox 58 646 172 699; x_wconf 87' lang='lat' dir='ltr'>urbem</span> <span class='ocrx_word' id='word_1_22' title='bbox 185 640 337 710; x_wconf 86' lang='lat' dir='ltr'>vidissent,</span> <span class='ocrx_word' id='word_1_23' title='bbox 359 640 505 697; x_wconf 82' lang='lat' dir='ltr'>mirantur</span> <span class='ocrx_word' id='word_1_24' title='bbox 517 649 580 696; x_wconf 86' lang='lat' dir='ltr'>tam</span> <span class='ocrx_word' id='word_1_25' title='bbox 593 639 673 697; x_wconf 85' lang='lat' dir='ltr'>brevi</span> <span class='ocrx_word' id='word_1_26' title='bbox 686 658 750 696; x_wconf 88' lang='lat' dir='ltr'>rem</span> <span class='ocrx_word' id='word_1_27' title='bbox 764 658 811 697; x_wconf 88' lang='lat' dir='ltr'>ro-</span> 
     </span>
    </p>
   </div>
   <div class='ocr_carea' id='block_1_3' title="bbox 57 716 895 803">
    <p class='ocr_par' dir='ltr' id='par_1_3' title="bbox 57 716 895 803">
     <span class='ocr_line' id='line_1_6' title="bbox 57 716 895 803; baseline -0.007 -23"><span class='ocrx_word' id='word_1_28' title='bbox 57 739 184 780; x_wconf 88' lang='lat' dir='ltr'>manam</span> <span class='ocrx_word' id='word_1_29' title='bbox 200 718 338 777; x_wconf 83' lang='lat' dir='ltr'>crevisse.</span> <span class='ocrx_word' id='word_1_30' title='bbox 379 716 439 777; x_wconf 92' lang='lat' dir='ltr'>Ubi</span> <span class='ocrx_word' id='word_1_31' title='bbox 452 718 611 803; x_wconf 83' lang='lat' dir='ltr'>spectaculi</span> <span class='ocrx_word' id='word_1_32' title='bbox 630 728 747 793; x_wconf 89' lang='lat' dir='ltr'>tempus</span> <span class='ocrx_word' id='word_1_33' title='bbox 760 738 810 775; x_wconf 90' lang='lat' dir='ltr'>ve·</span> <span class='ocrx_word' id='word_1_34' title='bbox 892 759 895 765; x_wconf 77' lang='lat'><em>.</em></span> 
     </span>
    </p>
   </div>
   <div class='ocr_carea' id='block_1_4' title="bbox 55 796 809 1109">
    <p class='ocr_par' dir='ltr' id='par_1_4' title="bbox 55 796 809 1109">
     <span class='ocr_line' id='line_1_7' title="bbox 56 796 809 873; baseline -0.003 -18"><span class='ocrx_word' id='word_1_35' title='bbox 56 800 115 873; x_wconf 83' lang='lat' dir='ltr'>nit,</span> <span class='ocrx_word' id='word_1_36' title='bbox 125 798 302 872; x_wconf 84' lang='lat' dir='ltr'>deditaeque</span> <span class='ocrx_word' id='word_1_37' title='bbox 323 796 359 854; x_wconf 78' lang='lat' dir='ltr'>ed</span> <span class='ocrx_word' id='word_1_38' title='bbox 377 807 494 858; x_wconf 83' lang='lat' dir='ltr'><strong>mentes</strong></span> <span class='ocrx_word' id='word_1_39' title='bbox 513 815 584 854; x_wconf 87' lang='lat' dir='ltr'>cum</span> <span class='ocrx_word' id='word_1_40' title='bbox 605 798 698 853; x_wconf 87' lang='lat' dir='ltr'>oculis</span> <span class='ocrx_word' id='word_1_41' title='bbox 718 808 809 866; x_wconf 80' lang='lat' dir='ltr'>erant,</span> 
     </span>
     <span class='ocr_line' id='line_1_8' title="bbox 55 874 809 965; baseline -0.003 -32"><span class='ocrx_word' id='word_1_42' title='bbox 55 889 129 935; x_wconf 89' lang='lat' dir='ltr'>tum</span> <span class='ocrx_word' id='word_1_43' title='bbox 143 896 183 934; x_wconf 81' lang='lat' dir='ltr'>ex</span> <span class='ocrx_word' id='word_1_44' title='bbox 198 875 362 951; x_wconf 85' lang='lat' dir='ltr'>composito</span> <span class='ocrx_word' id='word_1_45' title='bbox 375 887 439 933; x_wconf 88' lang='lat' dir='ltr'>orta</span> <span class='ocrx_word' id='word_1_46' title='bbox 448 875 504 933; x_wconf 84' lang='lat' dir='ltr'>vis:</span> <span class='ocrx_word' id='word_1_47' title='bbox 521 874 665 965; x_wconf 85' lang='lat' dir='ltr'>signoque</span> <span class='ocrx_word' id='word_1_48' title='bbox 673 874 770 942; x_wconf 89' lang='lat' dir='ltr'>dato,</span> <span class='ocrx_word' id='word_1_49' title='bbox 760 892 809 951; x_wconf 82' lang='lat' dir='ltr'>Ju-</span> 
     </span>
     <span class='ocr_line' id='line_1_9' title="bbox 56 949 809 1029; baseline -0.003 -18"><span class='ocrx_word' id='word_1_50' title='bbox 56 966 173 1013; x_wconf 85' lang='lat' dir='ltr'>ventus</span> <span class='ocrx_word' id='word_1_51' title='bbox 186 973 307 1013; x_wconf 89' lang='lat' dir='ltr'>romana</span> <span class='ocrx_word' id='word_1_52' title='bbox 321 956 358 1011; x_wconf 94' lang='lat' dir='ltr'>ad</span> <span class='ocrx_word' id='word_1_53' title='bbox 377 949 577 1029; x_wconf 86' lang='lat' dir='ltr'>rapiendas</span> <span class='ocrx_word' id='word_1_54' title='bbox 551 953 683 1027; x_wconf 84' lang='lat' dir='ltr'>vngines</span> <span class='ocrx_word' id='word_1_55' title='bbox 696 952 809 1010; x_wconf 88' lang='lat' dir='ltr'>discur-</span> 
     </span>
     <span class='ocr_line' id='line_1_10' title="bbox 55 1030 808 1109; baseline -0.001 -19"><span class='ocrx_word' id='word_1_56' title='bbox 55 1033 109 1090; x_wconf 64' lang='lat' dir='ltr'>rit„</span> <span class='ocrx_word' id='word_1_57' title='bbox 154 1035 267 1109; x_wconf 82' lang='lat' dir='ltr'>Magna</span> <span class='ocrx_word' id='word_1_58' title='bbox 279 1051 348 1109; x_wconf 87' lang='lat' dir='ltr'>pars</span> <span class='ocrx_word' id='word_1_59' title='bbox 369 1030 502 1100; x_wconf 54' lang='lat' dir='ltr'>fortem</span> <span class='ocrx_word' id='word_1_60' title='bbox 522 1033 552 1087; x_wconf 93' lang='lat' dir='ltr'>ln</span> <span class='ocrx_word' id='word_1_61' title='bbox 571 1050 662 1106; x_wconf 90' lang='lat' dir='ltr'>quem</span> <span class='ocrx_word' id='word_1_62' title='bbox 680 1048 808 1107; x_wconf 85' lang='lat' dir='ltr'>quaeque</span> 
     </span>
    </p>
   </div>
   <div class='ocr_carea' id='block_1_5' title="bbox 56 1110 893 1187">
    <p class='ocr_par' dir='ltr' id='par_1_5' title="bbox 56 1110 893 1187">
     <span class='ocr_line' id='line_1_11' title="bbox 56 1110 893 1187; baseline -0.005 -18"><span class='ocrx_word' id='word_1_63' title='bbox 56 1113 216 1180; x_wconf 79' lang='lat' dir='ltr'>inciderat,</span> <span class='ocrx_word' id='word_1_64' title='bbox 237 1122 347 1187; x_wconf 83' lang='lat' dir='ltr'>raptae;</span> <span class='ocrx_word' id='word_1_65' title='bbox 368 1112 511 1185; x_wconf 90' lang='lat' dir='ltr'>quasdam</span> <span class='ocrx_word' id='word_1_66' title='bbox 531 1110 625 1167; x_wconf 81' lang='lat' dir='ltr'>fornia</span> <span class='ocrx_word' id='word_1_67' title='bbox 647 1111 810 1167; x_wconf 84' lang='lat' dir='ltr'>excellente</span> <span class='ocrx_word' id='word_1_68' title='bbox 889 1114 893 1123; x_wconf 86' lang='lat'>‘</span> 
     </span>
    </p>
   </div>
   <div class='ocr_carea' id='block_1_6' title="bbox 32 1187 829 2755">
    <p class='ocr_par' dir='ltr' id='par_1_6' title="bbox 32 1187 829 2755">
     <span class='ocr_line' id='line_1_12' title="bbox 51 1187 809 1265; baseline -0.003 -20"><span class='ocrx_word' id='word_1_69' title='bbox 51 1190 248 1265; x_wconf 71' lang='lat' dir='ltr'>primoribus</span> <span class='ocrx_word' id='word_1_70' title='bbox 262 1194 384 1248; x_wconf 82' lang='lat' dir='ltr'>Petrum</span> <span class='ocrx_word' id='word_1_71' title='bbox 397 1188 553 1246; x_wconf 84' lang='lat' dir='ltr'>destinatas</span> <span class='ocrx_word' id='word_1_72' title='bbox 566 1209 602 1246; x_wconf 88' lang='lat' dir='ltr'>ex</span> <span class='ocrx_word' id='word_1_73' title='bbox 616 1191 700 1263; x_wconf 83' lang='lat' dir='ltr'>plebe</span> <span class='ocrx_word' id='word_1_74' title='bbox 715 1187 809 1245; x_wconf 83' lang='lat' dir='ltr'>horni-</span> 
     </span>
     <span class='ocr_line' id='line_1_13' title="bbox 57 1266 809 1364; baseline -0.004 -39"><span class='ocrx_word' id='word_1_75' title='bbox 57 1288 128 1337; x_wconf 84' lang='lat' dir='ltr'>nes,</span> <span class='ocrx_word' id='word_1_76' title='bbox 141 1268 249 1343; x_wconf 89' lang='lat' dir='ltr'>quibus</span> <span class='ocrx_word' id='word_1_77' title='bbox 262 1271 365 1326; x_wconf 86' lang='lat' dir='ltr'>datum</span> <span class='ocrx_word' id='word_1_78' title='bbox 384 1266 538 1364; x_wconf 85' lang='lat' dir='ltr'>negotium</span> <span class='ocrx_word' id='word_1_79' title='bbox 559 1278 629 1335; x_wconf 88' lang='lat' dir='ltr'>erat,</span> <span class='ocrx_word' id='word_1_80' title='bbox 642 1268 746 1325; x_wconf 89' lang='lat' dir='ltr'>domos</span> <span class='ocrx_word' id='word_1_81' title='bbox 759 1266 809 1322; x_wconf 91' lang='lat' dir='ltr'>de-</span> 
     </span>
     <span class='ocr_line' id='line_1_14' title="bbox 58 1344 807 1423; baseline -0.004 -19"><span class='ocrx_word' id='word_1_82' title='bbox 58 1348 204 1405; x_wconf 84' lang='lat' dir='ltr'>ferebant.</span> <span class='ocrx_word' id='word_1_83' title='bbox 246 1349 347 1405; x_wconf 86' lang='lat' dir='ltr'>Unam</span> <span class='ocrx_word' id='word_1_84' title='bbox 367 1345 454 1423; x_wconf 72' lang='lat' dir='ltr'>longe</span> <span class='ocrx_word' id='word_1_85' title='bbox 475 1344 540 1404; x_wconf 72' lang='lat' dir='ltr'>ante</span> <span class='ocrx_word' id='word_1_86' title='bbox 562 1346 632 1409; x_wconf 83' lang='lat' dir='ltr'>alias</span> <span class='ocrx_word' id='word_1_87' title='bbox 653 1345 751 1420; x_wconf 87' lang='lat' dir='ltr'>specie</span> <span class='ocrx_word' id='word_1_88' title='bbox 772 1363 807 1401; x_wconf 86' lang='lat' dir='ltr'>ac</span> 
     </span>
     <span class='ocr_line' id='line_1_15' title="bbox 58 1422 808 1501; baseline -0.005 -18"><span class='ocrx_word' id='word_1_89' title='bbox 58 1424 313 1499; x_wconf 82' lang='lat' dir='ltr'>pulchritudine</span> <span class='ocrx_word' id='word_1_90' title='bbox 306 1424 454 1500; x_wconf 85' lang='lat' dir='ltr'>rnsignem</span> <span class='ocrx_word' id='word_1_91' title='bbox 473 1422 591 1501; x_wconf 82' lang='lat' dir='ltr'>alglobo</span> <span class='ocrx_word' id='word_1_92' title='bbox 611 1422 736 1483; x_wconf 83' lang='lat' dir='ltr'>Talassii</span> <span class='ocrx_word' id='word_1_93' title='bbox 756 1440 808 1479; x_wconf 87' lang='lat' dir='ltr'>cu-</span> 
     </span>
     <span class='ocr_line' id='line_1_16' title="bbox 57 1500 807 1579; baseline -0.01 -16"><span class='ocrx_word' id='word_1_94' title='bbox 57 1504 181 1579; x_wconf 86' lang='lat' dir='ltr'>jusdam</span> <span class='ocrx_word' id='word_1_95' title='bbox 196 1515 309 1578; x_wconf 80' lang='lat' dir='ltr'>raptam</span> <span class='ocrx_word' id='word_1_96' title='bbox 323 1503 437 1560; x_wconf 85' lang='lat' dir='ltr'>lerunt:</span> <span class='ocrx_word' id='word_1_97' title='bbox 459 1503 623 1579; x_wconf 91' lang='lat' dir='ltr'>multisque</span> <span class='ocrx_word' id='word_1_98' title='bbox 634 1500 807 1563; x_wconf 81' lang='lat' dir='ltr'>sciscitanti-</span> 
     </span>
     <span class='ocr_line' id='line_1_17' title="bbox 32 1579 806 1655; baseline 0.001 -19"><span class='ocrx_word' id='word_1_99' title='bbox 32 1634 44 1652; x_wconf 61' lang='grc'><strong>,</strong></span> <span class='ocrx_word' id='word_1_100' title='bbox 59 1584 128 1650; x_wconf 88' lang='lat' dir='ltr'>bus,</span> <span class='ocrx_word' id='word_1_101' title='bbox 155 1580 276 1640; x_wconf 85' lang='lat' dir='ltr'>cuinam</span> <span class='ocrx_word' id='word_1_102' title='bbox 297 1600 364 1639; x_wconf 83' lang='lat' dir='ltr'>eam</span> <span class='ocrx_word' id='word_1_103' title='bbox 378 1581 438 1637; x_wconf 86' lang='lat' dir='ltr'>fen</span> <span class='ocrx_word' id='word_1_104' title='bbox 439 1592 498 1649; x_wconf 82' lang='lat' dir='ltr'>ent,</span> <span class='ocrx_word' id='word_1_105' title='bbox 510 1581 680 1646; x_wconf 80' lang='lat' dir='ltr'>identidem,</span> <span class='ocrx_word' id='word_1_106' title='bbox 691 1600 728 1639; x_wconf 92' lang='lat' dir='ltr'>ne</span> <span class='ocrx_word' id='word_1_107' title='bbox 738 1579 806 1655; x_wconf 88' lang='lat' dir='ltr'>quis</span> 
     </span>
     <span class='ocr_line' id='line_1_18' title="bbox 40 1653 805 1733; baseline 0.003 -18"><span class='ocrx_word' id='word_1_108' title='bbox 40 1653 201 1726; x_wconf 57' lang='lat' dir='ltr'>&#39;violaret</span> <span class='ocrx_word' id='word_1_109' title='bbox 215 1658 347 1717; x_wconf 88' lang='lat' dir='ltr'>Talassio</span> <span class='ocrx_word' id='word_1_110' title='bbox 359 1659 428 1716; x_wconf 82' lang='lat' dir='ltr'>ferri</span> <span class='ocrx_word' id='word_1_111' title='bbox 442 1660 637 1728; x_wconf 87' lang='lat' dir='ltr'>clamitatum,</span> <span class='ocrx_word' id='word_1_112' title='bbox 649 1657 716 1715; x_wconf 84' lang='lat' dir='ltr'>indd</span> <span class='ocrx_word' id='word_1_113' title='bbox 729 1676 805 1733; x_wconf 87' lang='lat' dir='ltr'>nup·</span> 
     </span>
     <span class='ocr_line' id='line_1_19' title="bbox 59 1737 809 1808; baseline -0.005 -13"><span class='ocrx_word' id='word_1_114' title='bbox 59 1738 167 1797; x_wconf 86' lang='lat' dir='ltr'>tialem</span> <span class='ocrx_word' id='word_1_115' title='bbox 181 1744 257 1797; x_wconf 85' lang='lat' dir='ltr'>hane</span> <span class='ocrx_word' id='word_1_116' title='bbox 269 1757 374 1796; x_wconf 87' lang='lat' dir='ltr'>vocem</span> <span class='ocrx_word' id='word_1_117' title='bbox 387 1737 504 1795; x_wconf 80' lang='lat' dir='ltr'>factam.</span> <span class='ocrx_word' id='word_1_118' title='bbox 539 1738 671 1793; x_wconf 86' lang='lat' dir='ltr'>Turbato</span> <span class='ocrx_word' id='word_1_119' title='bbox 681 1754 734 1808; x_wconf 78' lang='lat' dir='ltr'>pei</span> <span class='ocrx_word' id='word_1_120' title='bbox 744 1754 809 1793; x_wconf 91' lang='lat' dir='ltr'>me·</span> 
     </span>
     <span class='ocr_line' id='line_1_20' title="bbox 59 1811 810 1906; baseline 0 -33"><span class='ocrx_word' id='word_1_121' title='bbox 59 1828 128 1875; x_wconf 84' lang='lat' dir='ltr'>tum</span> <span class='ocrx_word' id='word_1_122' title='bbox 144 1818 268 1906; x_wconf 81' lang='lat' dir='ltr'>ludicro,</span> <span class='ocrx_word' id='word_1_123' title='bbox 281 1815 380 1874; x_wconf 84' lang='lat' dir='ltr'>maesti</span> <span class='ocrx_word' id='word_1_124' title='bbox 394 1826 533 1889; x_wconf 88' lang='lat' dir='ltr'>parentes</span> <span class='ocrx_word' id='word_1_125' title='bbox 546 1811 697 1890; x_wconf 77' lang='lat' dir='ltr'>virginum</span> <span class='ocrx_word' id='word_1_126' title='bbox 710 1812 810 1887; x_wconf 86' lang='lat' dir='ltr'>profu-</span> 
     </span>
     <span class='ocr_line' id='line_1_21' title="bbox 59 1891 810 1971; baseline -0.007 -19"><span class='ocrx_word' id='word_1_127' title='bbox 59 1895 158 1971; x_wconf 83' lang='lat' dir='ltr'>g1unt,</span> <span class='ocrx_word' id='word_1_128' title='bbox 166 1895 335 1954; x_wconf 85' lang='lat' dir='ltr'>rncusantes</span> <span class='ocrx_word' id='word_1_129' title='bbox 344 1894 441 1952; x_wconf 80' lang='lat' dir='ltr'>violati</span> <span class='ocrx_word' id='word_1_130' title='bbox 451 1892 572 1969; x_wconf 85' lang='lat' dir='ltr'>hosprtu</span> <span class='ocrx_word' id='word_1_131' title='bbox 581 1892 686 1962; x_wconf 83' lang='lat' dir='ltr'>faedus,</span> <span class='ocrx_word' id='word_1_132' title='bbox 695 1891 810 1949; x_wconf 91' lang='lat' dir='ltr'>Deum</span> 
     </span>
     <span class='ocr_line' id='line_1_22' title="bbox 61 1972 809 2051; baseline -0.009 -18"><span class='ocrx_word' id='word_1_133' title='bbox 61 1994 121 2049; x_wconf 90' lang='lat' dir='ltr'>que</span> <span class='ocrx_word' id='word_1_134' title='bbox 143 1973 322 2043; x_wconf 85' lang='lat' dir='ltr'>invocantes,</span> <span class='ocrx_word' id='word_1_135' title='bbox 343 1973 430 2051; x_wconf 86' lang='lat' dir='ltr'>cujus</span> <span class='ocrx_word' id='word_1_136' title='bbox 452 1974 488 2031; x_wconf 90' lang='lat' dir='ltr'>ad</span> <span class='ocrx_word' id='word_1_137' title='bbox 509 1974 640 2029; x_wconf 88' lang='lat' dir='ltr'>solemne</span> <span class='ocrx_word' id='word_1_138' title='bbox 657 1972 809 2045; x_wconf 88' lang='lat' dir='ltr'>ludosque,</span> 
     </span>
     <span class='ocr_line' id='line_1_23' title="bbox 60 2049 829 2125; baseline -0.005 -16"><span class='ocrx_word' id='word_1_139' title='bbox 60 2070 116 2125; x_wconf 88' lang='lat' dir='ltr'>per</span> <span class='ocrx_word' id='word_1_140' title='bbox 129 2052 175 2110; x_wconf 87' lang='lat' dir='ltr'>fas</span> <span class='ocrx_word' id='word_1_141' title='bbox 188 2072 223 2110; x_wconf 86' lang='lat' dir='ltr'>ac</span> <span class='ocrx_word' id='word_1_142' title='bbox 237 2052 327 2111; x_wconf 87' lang='lat' dir='ltr'>fidem</span> <span class='ocrx_word' id='word_1_143' title='bbox 339 2050 464 2125; x_wconf 88' lang='lat' dir='ltr'>decepti,</span> <span class='ocrx_word' id='word_1_144' title='bbox 478 2050 638 2107; x_wconf 81' lang='lat' dir='ltr'>venissent.</span> <span class='ocrx_word' id='word_1_145' title='bbox 663 2049 729 2106; x_wconf 91' lang='lat' dir='ltr'>Nec</span> <span class='ocrx_word' id='word_1_146' title='bbox 743 2065 808 2121; x_wconf 86' lang='lat' dir='ltr'>rap·</span> <span class='ocrx_word' id='word_1_147' title='bbox 826 2074 829 2081; x_wconf 91' lang='grc'><em>·</em></span> 
     </span>
     <span class='ocr_line' id='line_1_24' title="bbox 60 2124 810 2220; baseline -0.005 -33"><span class='ocrx_word' id='word_1_148' title='bbox 60 2131 101 2189; x_wconf 90' lang='lat' dir='ltr'>tis</span> <span class='ocrx_word' id='word_1_149' title='bbox 114 2142 165 2188; x_wconf 86' lang='lat' dir='ltr'>aut</span> <span class='ocrx_word' id='word_1_150' title='bbox 178 2150 248 2220; x_wconf 80' lang='lat' dir='ltr'>spes</span> <span class='ocrx_word' id='word_1_151' title='bbox 262 2132 298 2189; x_wconf 91' lang='lat' dir='ltr'>de</span> <span class='ocrx_word' id='word_1_152' title='bbox 318 2150 350 2188; x_wconf 87' lang='lat' dir='ltr'>se</span> <span class='ocrx_word' id='word_1_153' title='bbox 370 2130 486 2198; x_wconf 86' lang='lat' dir='ltr'>melior,</span> <span class='ocrx_word' id='word_1_154' title='bbox 506 2140 570 2187; x_wconf 88' lang='lat' dir='ltr'>aut</span> <span class='ocrx_word' id='word_1_155' title='bbox 576 2128 740 2205; x_wconf 85' lang='lat' dir='ltr'>indignatio</span> <span class='ocrx_word' id='word_1_156' title='bbox 753 2124 810 2185; x_wconf 89' lang='lat' dir='ltr'>mi.-</span> 
     </span>
     <span class='ocr_line' id='line_1_25' title="bbox 61 2204 808 2285; baseline -0.007 -18"><span class='ocrx_word' id='word_1_157' title='bbox 61 2228 138 2267; x_wconf 83' lang='grc' dir='ltr'>ιιοι·</span> <span class='ocrx_word' id='word_1_158' title='bbox 161 2210 231 2273; x_wconf 81' lang='lat' dir='ltr'>sed</span> <span class='ocrx_word' id='word_1_159' title='bbox 224 2229 287 2285; x_wconf 82' lang='lat' dir='ltr'>ipse</span> <span class='ocrx_word' id='word_1_160' title='bbox 300 2211 446 2267; x_wconf 89' lang='lat' dir='ltr'>Romulus</span> <span class='ocrx_word' id='word_1_161' title='bbox 457 2204 608 2277; x_wconf 85' lang='lat' dir='ltr'>circuibat,</span> <span class='ocrx_word' id='word_1_162' title='bbox 620 2208 808 2281; x_wconf 82' lang='lat' dir='ltr'>docebatque,</span> 
     </span>
     <span class='ocr_line' id='line_1_26' title="bbox 62 2285 807 2363; baseline -0.005 -17"><span class='ocrx_word' id='word_1_163' title='bbox 62 2292 188 2347; x_wconf 77' lang='lat' dir='ltr'>Petrum</span> <span class='ocrx_word' id='word_1_164' title='bbox 202 2287 234 2346; x_wconf 93' lang='lat' dir='ltr'>id</span> <span class='ocrx_word' id='word_1_165' title='bbox 253 2288 393 2363; x_wconf 84' lang='lat' dir='ltr'>superbia</span> <span class='ocrx_word' id='word_1_166' title='bbox 412 2286 535 2355; x_wconf 82' lang='lat' dir='ltr'>lactum,</span> <span class='ocrx_word' id='word_1_167' title='bbox 555 2286 606 2360; x_wconf 88' lang='lat' dir='ltr'>qui</span> <span class='ocrx_word' id='word_1_168' title='bbox 628 2285 807 2343; x_wconf 86' lang='lat' dir='ltr'>connubium</span> 
     </span>
     <span class='ocr_line' id='line_1_27' title="bbox 62 2363 808 2457; baseline -0.003 -34"><span class='ocrx_word' id='word_1_169' title='bbox 62 2367 201 2425; x_wconf 85' lang='lat' dir='ltr'>finitimis</span> <span class='ocrx_word' id='word_1_170' title='bbox 214 2377 390 2442; x_wconf 86' lang='lat' dir='ltr'>negassent·</span> <span class='ocrx_word' id='word_1_171' title='bbox 409 2365 476 2423; x_wconf 86' lang='lat' dir='ltr'>illas</span> <span class='ocrx_word' id='word_1_172' title='bbox 496 2374 596 2457; x_wconf 75' lang='lat' dir='ltr'>tamen¹</span> <span class='ocrx_word' id='word_1_173' title='bbox 613 2363 644 2419; x_wconf 92' lang='lat' dir='ltr'>in</span> <span class='ocrx_word' id='word_1_174' title='bbox 657 2364 808 2421; x_wconf 86' lang='lat' dir='ltr'>matrimo-</span> 
     </span>
     <span class='ocr_line' id='line_1_28' title="bbox 60 2440 808 2515; baseline -0.003 -14"><span class='ocrx_word' id='word_1_175' title='bbox 60 2444 120 2515; x_wconf 91' lang='lat' dir='ltr'>nio,</span> <span class='ocrx_word' id='word_1_176' title='bbox 133 2446 164 2503; x_wconf 92' lang='lat' dir='ltr'>in</span> <span class='ocrx_word' id='word_1_177' title='bbox 174 2446 296 2502; x_wconf 91' lang='lat' dir='ltr'>societat</span> <span class='ocrx_word' id='word_1_178' title='bbox 285 2444 509 2507; x_wconf 74' lang='lat' dir='ltr'>tesoitunarurn</span> <span class='ocrx_word' id='word_1_179' title='bbox 518 2442 653 2503; x_wconf 79' lang='lat' dir='ltr'>oninium</span> <span class='ocrx_word' id='word_1_180' title='bbox 667 2440 808 2499; x_wconf 86' lang='lat' dir='ltr'>civitatis-</span> 
     </span>
     <span class='ocr_line' id='line_1_29' title="bbox 61 2520 807 2599; baseline -0.01 -17"><span class='ocrx_word' id='word_1_181' title='bbox 61 2542 129 2599; x_wconf 90' lang='lat' dir='ltr'>que,</span> <span class='ocrx_word' id='word_1_182' title='bbox 143 2535 174 2582; x_wconf 93' lang='lat' dir='ltr'>et</span> <span class='ocrx_word' id='word_1_183' title='bbox 183 2542 254 2598; x_wconf 84' lang='lat' dir='ltr'>quo</span> <span class='ocrx_word' id='word_1_184' title='bbox 254 2522 331 2581; x_wconf 88' lang='lat' dir='ltr'>nihil</span> <span class='ocrx_word' id='word_1_185' title='bbox 345 2522 444 2584; x_wconf 89' lang='lat' dir='ltr'>carius</span> <span class='ocrx_word' id='word_1_186' title='bbox 455 2525 587 2579; x_wconf 86' lang='lat' dir='ltr'>humano</span> <span class='ocrx_word' id='word_1_187' title='bbox 597 2520 698 2599; x_wconf 87' lang='lat' dir='ltr'>generi</span> <span class='ocrx_word' id='word_1_188' title='bbox 713 2520 760 2587; x_wconf 89' lang='lat' dir='ltr'>sit,</span> <span class='ocrx_word' id='word_1_189' title='bbox 774 2522 807 2575; x_wconf 91' lang='lat' dir='ltr'>li·</span> 
     </span>
     <span class='ocr_line' id='line_1_30' title="bbox 61 2598 806 2673; baseline -0.009 -14"><span class='ocrx_word' id='word_1_190' title='bbox 61 2605 167 2659; x_wconf 86' lang='lat' dir='ltr'>berum</span> <span class='ocrx_word' id='word_1_191' title='bbox 183 2600 256 2658; x_wconf 81' lang='lat' dir='ltr'>lore</span> <span class='ocrx_word' id='word_1_192' title='bbox 297 2602 450 2658; x_wconf 84' lang='lat' dir='ltr'>Mollirent</span> <span class='ocrx_word' id='word_1_193' title='bbox 462 2598 571 2656; x_wconf 81' lang='lat' dir='ltr'>modd</span> <span class='ocrx_word' id='word_1_194' title='bbox 564 2618 641 2666; x_wconf 80' lang='lat' dir='ltr'>iras3</span> <span class='ocrx_word' id='word_1_195' title='bbox 656 2610 685 2657; x_wconf 90' lang='lat' dir='ltr'>et</span> <span class='ocrx_word' id='word_1_196' title='bbox 698 2598 806 2673; x_wconf 84' lang='lat' dir='ltr'>quibus</span> 
     </span>
     <span class='ocr_line' id='line_1_31' title="bbox 62 2674 804 2755; baseline -0.008 -20"><span class='ocrx_word' id='word_1_197' title='bbox 62 2680 122 2738; x_wconf 88' lang='lat' dir='ltr'>sors</span> <span class='ocrx_word' id='word_1_198' title='bbox 136 2698 263 2755; x_wconf 85' lang='lat' dir='ltr'>corpora</span> <span class='ocrx_word' id='word_1_199' title='bbox 282 2680 420 2748; x_wconf 85' lang='lat' dir='ltr'>dedisset,</span> <span class='ocrx_word' id='word_1_200' title='bbox 439 2680 542 2737; x_wconf 82' lang='lat' dir='ltr'>darent</span> <span class='ocrx_word' id='word_1_201' title='bbox 554 2676 677 2735; x_wconf 87' lang='lat' dir='ltr'>animos.</span> <span class='ocrx_word' id='word_1_202' title='bbox 719 2674 804 2747; x_wconf 74' lang='lat' dir='ltr'>Saepd</span> 
     </span>
    </p>
   </div>
   <div class='ocr_carea' id='block_1_7' title="bbox 381 2764 474 2819">
    <p class='ocr_par' dir='ltr' id='par_1_7' title="bbox 381 2764 474 2819">
     <span class='ocr_line' id='line_1_32' title="bbox 381 2764 474 2819; baseline -0.065 0"><span class='ocrx_word' id='word_1_203' title='bbox 381 2764 474 2819; x_wconf 64' lang='lat' dir='ltr'>re</span> 
     </span>
    </p>
   </div>
   <div class='ocr_carea' id='block_1_8' title="bbox 0 0 947 3267">
    <p class='ocr_par' dir='ltr' id='par_1_8' title="bbox 0 0 947 3267">
     <span class='ocr_line' id='line_1_33' title="bbox 0 0 947 3267; baseline 0 0"><span class='ocrx_word' id='word_1_204' title='bbox 0 0 947 3267; x_wconf 95' lang='lat' dir='ltr'> </span> 
     </span>
    </p>
   </div>
  </div>
 </body>
</html>
