1875 3267
492 276 533 332 62

145 418 885 494 guttas-notaverunt:territoquerege,Aristander,

143 494 339 571 peritissimus
351 508 460 567 vatum,
480 496 638 570 respondit,
656 493 681 551 si
694 495 884 554 extrinsecis

143 592 230 631 cruor
237 574 379 645 fluxisset,
388 574 596 634 Macedonibus
604 572 634 629 id
642 574 723 630 triste
734 573 881 641 futururm

143 651 252 722 contra,
265 672 355 727 quum
370 657 404 711 ab
417 652 554 711 interiore
563 661 645 725 parte
656 652 829 723 manaverit,
836 672 882 710 ur-

141 729 171 785 bi
184 747 274 803 quam
284 732 414 790 obsidere
422 731 615 789 destinassent
627 729 751 786 exitium
761 741 881 803 porten-

141 807 218 864 dere.
242 811 415 879 Alexander,
426 819 562 884 quumet
573 810 698 865 classem
708 811 818 881 procul
831 812 881 865 ha-

136 884 231 963 ¹beret,
241 898 270 945 et
282 891 400 963 longam
412 887 589 945 obsidionem
599 904 708 962 magno
717 886 774 943 sibi
785 889 822 944 ad
832 906 883 945 ce·

140 973 202 1020 tera
213 966 423 1041 impedimento
436 964 550 1023 videret
562 963 644 1033 fore,
659 966 882 1033 caduceatores,

64 1045 67 1050 '
140 1042 190 1115 qui
203 1045 239 1101 ad
255 1064 358 1120 pacem
381 1063 433 1101 eos
451 1042 668 1116 compellerent,
685 1041 781 1122 misit:
803 1062 879 1117 quos

139 1120 225 1193 Tyrii
234 1133 333 1181 contra
344 1122 393 1200 jus
407 1121 540 1198 gentium
549 1120 661 1178 occisos
674 1119 878 1196 praecipitave-

139 1211 210 1257 runt
222 1200 252 1257 iu
264 1203 366 1259 altum.
396 1205 494 1275 Atque
507 1198 564 1268 ille,
573 1216 693 1255 suorum
707 1209 768 1255 tam
778 1197 878 1274 indig-
923 1229 925 1232 ·

136 1278 176 1333 na
189 1295 260 1335 nece
274 1290 447 1349 commotus,
467 1280 569 1336 urbem
582 1277 712 1333 obsidere
725 1278 877 1334 statuit-
923 1281 925 1350 ξ

139 1356 196 1411 Sed
209 1354 273 1411 ante
285 1354 601 1432 jacienda-moleserat,
610 1373 675 1429 quae
690 1354 793 1410 urbem
805 1373 877 1412 con·
923 1375 925 1436 Ῑ

137 1430 241 1487 tineuti
253 1433 469 1489 committeret:
484 1434 587 1508 ingens
596 1450 667 1508 ergo
675 1432 788 1488 animos
797 1434 877 1490 mili-

135 1517 201 1563 tum
215 1510 376 1581 desperatio
398 1510 524 1576 incessit,
548 1509 731 1567 cernentium
750 1509 875 1583 profun-

137 1586 210 1643 dum
223 1604 313 1655 mare,
328 1586 405 1661 quod
418 1587 466 1645 vix
480 1588 576 1644 divina
590 1604 645 1659 ope
657 1598 754 1659 posset
766 1588 874 1659 imple·
923 1603 925 1608 '

134 1662 178 1732 ri;
193 1684 260 1739 quae
275 1685 344 1723 saxa
355 1676 415 1725 tam
428 1677 515 1734 vasta,
525 1665 596 1740 quas
608 1676 667 1722 tam
681 1683 819 1739 proceras
826 1685 874 1722 ar·
923 1689 925 1700 ·

134 1745 221 1801 bores
230 1762 314 1817 posse
325 1744 465 1819 reperiri?
480 1744 691 1801 exhauriendas
701 1761 764 1799 esse
772 1743 874 1820 regio·
923 1805 925 1808 ,

134 1838 197 1890 nes,
209 1836 241 1881 ut
251 1824 322 1880 illud
332 1825 458 1896 spatium
467 1832 670 1897 aggeraretur3
684 1830 714 1877 et
722 1833 873 1880 exastua-

134 1916 167 1956 re
180 1917 296 1973 semper
315 1902 443 1967 fretum
463 1900 578 1975 quoque
598 1898 705 1957 arctius
724 1901 872 1957 volutetur
923 1909 925 1976 J

134 1977 209 2033 inter
220 1979 344 2035 insulam
359 1992 387 2035 et
398 1978 671 2046 continentem,'hoc
679 1975 777 2033 acrius
788 1978 872 2035 fure·
923 2027 925 2046 ,

133 2071 176 2113 re.
207 2059 249 2111 nt
262 2055 317 2116 ille,
330 2055 554 2130 haudquaquam
568 2054 647 2113 rudis
659 2053 800 2111 tractandi
813 2057 871 2113 mi-
923 2057 925 2078 '

133 2132 232 2190 litares
243 2133 363 2201 animae,
375 2135 502 2205 speciem
515 2131 570 2189 sibi
580 2122 715 2203 Herculis
723 2132 751 2187 in
762 2152 870 2192 somno
923 2145 925 2208 j

121 2212 255 2269 [oblatam
264 2231 326 2269 csse
335 2212 517 2285 pronunciat,
529 2213 660 2269 dextram
673 2210 867 2287 porrigentis;

131 2288 183 2345 illd
196 2288 279 2357 duce,
291 2290 342 2346 illo
351 2291 497 2361 aperiente
508 2288 538 2344 in
548 2293 649 2346 urbem
664 2292 770 2345 intrare
784 2307 816 2345 se
825 2290 869 2345 vi·
923 2319 925 2332 ι

132 2384 199 2422 sum
212 2387 219 2419 :
233 2366 307 2423 inter
317 2370 392 2437 haec,
401 2370 602 2425 caduceatores
610 2365 784 2432 interfectos,
794 2386 869 2437 gen-

130 2444 204 2501 tium
216 2444 283 2521 jura
295 2445 406 2513 violata,
416 2443 572 2515 reserebat;
585 2463 673 2501 unam
681 2461 745 2501 esse
759 2447 866 2503 urbem

130 2540 197 2597 quae
212 2542 331 2581 cursum
341 2524 456 2580 victoris
465 2525 572 2581 morari
586 2532 749 2579 ausaesset.
771 2523 866 2580 Duci-
923 2585 925 2606 Ι

132 2602 184 2657 bus
204 2600 307 2659 deinde
325 2601 473 2677 negotium
494 2602 585 2670 datur,
605 2612 636 2658 ut
656 2618 724 2656 suos
737 2600 864 2674 quisque
923 2641 925 2674 :

98 2709 100 2713 .
132 2678 272 2754 castiget:
301 2678 426 2753 satisque
446 2679 581 2737 omnibus
602 2676 768 2743 stimulatis,
787 2695 862 2751 opus
923 2699 925 2714 ¹

129 2772 211 2814 orsus
225 2767 277 2813 est.
923 2769 925 2778 ·
