1875 3267
432 224 495 282 257

73 385 163 442 spem
176 385 234 426 non
247 366 402 442 praesentis
415 366 506 432 modi
518 367 553 426 ab
564 377 644 426 tanto
658 366 816 425 certamine

73 465 110 504 ac
125 449 222 504 labore
236 444 342 519 quietis
355 445 491 512 obsessis,
504 446 555 504 sed
569 447 657 506 etiarn
676 446 706 503 in
721 456 818 518 poste·

71 521 147 580 rrim
159 523 250 587 dedit;
266 523 351 582 scalis
371 535 400 582 et
422 527 530 582 corona
550 525 614 599 capi
633 527 738 582 urbem
758 540 817 580 non

72 619 179 682 posse,
211 605 312 678 Opera
324 613 354 660 et
366 602 492 660 difficilia
504 621 577 670 esse,
591 613 620 659 et
632 613 749 676 ternpus
768 603 819 660 da-

71 690 144 737 tura
167 675 203 738 id
230 679 379 740 ferendam
403 698 493 771 opem
512 679 736 753 imperatoribus
748 699 818 739 eurs

72 758 140 816 Vix
144 758 234 833 prior
249 761 397 816 tumultus
410 759 598 827 conticuerut,
611 755 709 834 quum
722 746 819 832 Scipio

72 837 112 894 ab
124 835 275 894 defessis
267 855 328 912 jam
352 837 568 911 vulneratisque
580 847 713 894 recentes
725 836 819 924 integ·

73 933 187 988 rosque
200 915 272 973 alios
293 914 427 987 accipere
449 917 540 972 scalas
555 916 654 989 jubet;
675 912 746 970 etri
758 933 819 973 ma·

70 993 143 1072 jore
157 992 279 1068 aggredi
293 995 406 1050 urbem
445 995 524 1068 Ipse,
544 1004 576 1050 ut
593 992 621 1050 ei
645 991 821 1051 nunciatum

72 1082 132 1140 est,
159 1081 264 1130 aestum
286 1071 448 1139 decedere;
475 1074 554 1146 quod
571 1090 636 1147 per
661 1071 821 1145 piseatores

75 1151 308 1216 tusconenses,
321 1167 401 1205 nunc
415 1149 527 1206 levibus
538 1149 661 1223 cymbis,
670 1166 760 1213 nunc,
772 1148 822 1205 ubi

75 1243 122 1286 eae
137 1228 271 1296 siderent,
292 1226 372 1284 vadis
391 1239 562 1303 pervagatos
581 1239 728 1304 stagnum,
742 1244 823 1284 eom·

76 1317 194 1379 pertum
219 1307 349 1371 habebat,
368 1305 486 1364 facilem
505 1307 627 1380 pedibus
652 1307 688 1362 ad
701 1323 822 1363 murum

75 1384 236 1440 transitum
250 1385 331 1451 dari;
346 1383 381 1440 eb
392 1401 493 1442 secum
504 1395 632 1443 armatos
640 1382 734 1440 duxit.
759 1384 823 1442 Me·

15 1517 18 1519 .
50 1503 57 1512 .
77 1461 162 1520 dium
177 1459 269 1517 ferme
282 1461 340 1518 diei
353 1471 424 1528 erat,
436 1473 465 1518 et
478 1464 515 1520 ad
528 1463 556 1519 id
564 1464 642 1538 quod
653 1465 707 1518 sua
719 1473 822 1536 sponte

14 1569 21 1598 ·.
76 1539 199 1596 cedente
221 1541 251 1596 in
267 1557 349 1597 mare
372 1551 447 1598 aestu
466 1543 635 1598 trahebatur
657 1557 742 1614 aqua,
755 1558 824 1596 acer

14 1647 18 1652 ·
78 1617 170 1676 etiam
194 1617 359 1692 Septentrio
386 1629 469 1674 ortus
488 1619 659 1674 inclinatum
685 1628 825 1691 stagnum

79 1695 186 1754 eddem
199 1695 260 1769 qud
281 1707 372 1754 aestus
386 1695 514 1752 ferebat:
536 1706 565 1752 et
582 1693 654 1752 aded
666 1697 825 1751 nudaverat

13 1768 826 1847 ςΜΜΜΜΜΜΜΜ

16 1885 19 1890 v
79 1870 177 1929 genua
201 1852 251 1908 vix
261 1861 429 1928 superaret.
470 1853 537 1907 Hoc
563 1869 645 1906 cura
658 1867 690 1905 ac
714 1848 826 1906 ratione

14 1966 18 1997 3
79 1939 277 2020 compertum,
302 1930 332 1987 in
353 1930 523 2005 prodigium
546 1947 580 1985 ae
608 1929 688 1986 Deos
710 1939 826 1986 vertens

13 2047 25 2079 3,
81 2009 190 2081 Scipio,
204 2008 303 2082 quiad
315 2008 470 2066 transitum
486 2005 625 2064 Romanis
639 2024 721 2062 mare
734 2018 827 2064 verte·

15 2126 24 2158 3,
80 2097 157 2154 rent,
171 2096 200 2143 et
213 2097 316 2161 stagno
336 2081 494 2151 auferrent,
514 2084 633 2159 viasque
654 2082 720 2141 ante
741 2102 827 2142 num-

15 2231 21 2236 ..
81 2163 175 2240 quam
188 2163 273 2224 initas
288 2167 418 2222 humano
432 2163 557 2237 vestigio
569 2162 735 2236 aperirent;
748 2165 827 2237 Nep-

16 2309 24 2316 ,.
81 2255 188 2301 tunum
199 2243 317 2319 jubebat
335 2242 461 2301 ducem
454 2241 566 2299 ttineris
579 2242 672 2316 sequi,
684 2261 718 2298 ac
731 2243 829 2299 medin

17 2331 26 2394 Q·
81 2333 187 2398 stagno
200 2323 323 2379 evadere
334 2323 370 2378 ad
383 2321 500 2378 moenia.

122 2403 171 2460 Ab
183 2403 263 2458 terr-21
277 2400 381 2474 ingens
403 2401 483 2456 labor
503 2399 725 2456 succedentibus
745 2409 829 2455 erut:

18 2469 28 2534 ¹s,
80 2495 138 2536 nee
153 2479 302 2538 altitudine
314 2477 427 2536 tantum
437 2477 583 2534 moeniurn
592 2475 833 2568 impediebantur,

18 2551 19 2555 ’
82 2559 137 2618 sed
142 2556 231 2631 qubd
244 2568 347 2614 euntes
367 2557 401 2614 ad
423 2553 564 2629 ancipites
585 2549 734 2626 utrimque
747 2553 844 2642 ictus,

17 2679 24 2712 ·:
82 2634 237 2724 subjectos
250 2636 391 2690 habebant
404 2635 572 2700 Romanos3
596 2641 630 2688 ut
644 2633 733 2688 latera
746 2631 834 2693 infes-

18 2711 28 2768 ᾗ,
82 2711 162 2770 tiore
177 2712 375 2783 subeuntibus,
398 2710 490 2786 quam
511 2711 563 2768 adr
566 2728 631 2768 ersa
644 2727 776 2783 corpore,
789 2730 835 2768 es

426 2795 483 2845 r2
