1875 3267
447 300 508 358 375

108 443 223 502 dicunt.
261 443 412 502 Maritima
423 461 491 518 pars
504 446 540 502 ab
557 442 678 522 iisrpui,
692 447 798 521 praedae
812 465 846 503 ac

106 523 178 583 belli
187 521 330 581 inferendi
340 527 438 590 causa,
448 543 486 581 ex
494 523 846 600 Belgiotransieraunqui

105 617 212 658 omues
233 599 292 661 fere
307 601 343 658 iis
352 601 520 660 nominibus
537 602 688 661 civitatum
700 606 846 678 appellan-

105 679 272 754 tur,quibus
283 681 338 738 orti
347 697 384 736 ex
393 679 560 741 civitatibus
570 682 606 738 eo
614 692 848 756 pervenerunt,e.t

107 758 188 814 bello
200 759 279 815 illato
289 758 329 817 ibi
338 771 551 827 remanserunt,
560 770 647 836 atque
655 779 743 834 agros
750 764 847 818 colere

108 848 273 910 coeperuut.
304 837 469 896 Hominum
484 838 594 896 infinita
602 838 769 909 multitudo,
784 858 848 898 cre·

109 913 295 992 berrimaque
310 915 433 974 aedificia
446 917 507 987 lere
527 917 650 975 Gallicis
666 918 847 976 consimilia:

107 995 227 1068 pecoris
244 1012 370 1071 magnus
384 1013 536 1054 numerus.
566 999 708 1064 Utuntur,
721 1008 770 1053 aut
784 1014 850 1065 are,

108 1082 162 1130 aut
174 1074 289 1134 annulis
299 1073 402 1131 ferreis
415 1078 450 1132 acl
463 1087 581 1132 certum
589 1078 704 1147 pondus
713 1072 848 1133 examin·

108 1150 164 1208 atis
177 1169 231 1226 pro
244 1171 378 1210 nummo.
419 1155 560 1212 Nascitur
572 1154 611 1210 ibi
621 1155 775 1226 plumbum
789 1155 848 1212 alb-

109 1246 163 1286 um
175 1231 204 1287 in
219 1231 441 1290 mediterraneis
454 1230 631 1308 regionibus,
645 1233 674 1289 in
688 1230 847 1290 maritimis

89 1305 241 1368 ierrum:
264 1311 313 1367 sed
322 1309 388 1388 ejus
396 1311 507 1387 exigua
516 1323 561 1369 est
569 1311 662 1386 copia.
683 1315 848 1370 AEreutun·

107 1395 160 1443 tur
171 1388 337 1462 importato.
377 1389 503 1446 Materia
516 1389 663 1468 cujusque
677 1389 804 1466 generis,
815 1401 849 1446 ut

106 1463 139 1542 in
155 1467 262 1537 Gallia,
283 1477 337 1537 est,
349 1479 466 1542 praeter
478 1468 580 1543 fagum
601 1480 689 1544 atque
709 1470 846 1527 abietem.

106 1544 257 1617 Leporem
270 1557 301 1602 et
313 1548 462 1624 gallinam,
475 1558 504 1604 et
516 1565 651 1604 anserem
663 1560 791 1623 gustare,
804 1547 848 1604 fas

106 1636 167 1680 non
181 1633 291 1698 putant.
314 1623 389 1682 Haec
404 1637 505 1682 tamen
517 1628 606 1692 alunt,
620 1627 710 1684 animi
719 1629 849 1701 volupta-

107 1699 205 1776 tisque
218 1706 317 1761 causa.
356 1704 436 1762 Loca
449 1713 517 1761 sunt
530 1704 747 1776 temperatiora,
757 1702 852 1778 quam

109 1777 140 1836 in
149 1779 256 1851 Gallia,
270 1781 490 1840 remissioribus
502 1781 670 1857 frigoribus.
686 1784 784 1841 Insula
796 1799 847 1838 na-

108 1861 179 1914 tura
198 1859 347 1934 triquetra,
368 1860 455 1938 cujus
473 1879 566 1918 unum
585 1862 660 1917 latus
680 1871 725 1918 est
744 1859 847 1919 contra

109 1937 256 1994 Galliam:
278 1938 366 2016 hujus
381 1938 481 1998 lateris
494 1941 567 1996 alter
580 1941 716 2014 angulus,
734 1938 785 2015 qui
801 1949 847 1996 est

106 2017 144 2074 ad
165 2017 313 2086 Cantium,
330 2021 340 2048 ¹
366 2017 425 2092 quo
445 2016 507 2074 fere
526 2036 565 2074 ex
580 2017 779 2076 Gallianates
796 2035 846 2092 ap-

107 2096 269 2168 pellantur,
295 2097 330 2153 ad
357 2095 502 2154 orientem
529 2097 647 2164 Solem;
669 2097 790 2156 inferior
811 2098 848 2156 ad

107 2171 281 2238 Meridiem,
293 2185 413 2250 spectat.
455 2177 522 2234 Hoc
542 2179 619 2240 latus
639 2186 717 2234 tenet
729 2177 847 2234 circiter

106 2250 203 2316 millia
223 2268 363 2326 passuum
381 2255 578 2326 D.,Alterum
593 2255 672 2330 uegit
684 2258 720 2312 ad
739 2255 848 2329 Hispa·
924 2298 925 2315 i

105 2329 198 2398 niam,
212 2342 300 2406 atque
314 2332 496 2391 occidentem
510 2334 620 2390 Solem.
641 2333 710 2402 Qua
720 2344 847 2408 exparte

105 2420 153 2466 est
164 2408 327 2480 Hibernia,²
351 2411 474 2469 dimidio
487 2411 594 2478 minor,
608 2422 640 2468 ut
649 2412 846 2476 existimatur,
912 2422 925 2493 ff

105 2485 200 2561 quaint
214 2488 382 2548 Britannia:
405 2491 456 2546 secl
466 2488 530 2564 pari
541 2490 635 2562 spatio
647 2489 847 2551 transmissus,

103 2576 197 2640 atque
210 2586 250 2624 ex
272 2567 381 2636 Gallia,
395 2579 439 2625 est
457 2569 487 2624 in
508 2565 700 2624 Britanniam.
740 2568 776 2623 ln
790 2568 846 2623 hoc

147 2743 156 2770 ¹
177 2737 383 2796 ,Cantium-the
402 2746 499 2801 county
521 2734 553 2786 of
565 2735 637 2786 Keut
655 2735 682 2790 in
698 2735 746 2786 the
762 2736 847 2788 Soutlr

108 2809 171 2872 part
182 2800 212 2850 of
226 2802 358 2864 Euglaud.

146 2874 159 2908 ‘²
182 2868 305 2920 Hibernia
338 2866 451 2920 lreland.
