1875 3267
450 227 513 282 aaa
619 186 632 226 ’

109 369 234 432 ltfiserat
248 373 320 430 duas
332 370 490 444 praetorias
502 371 636 428 conones
648 370 763 441 Casae,
772 371 853 430 adcli-

107 463 139 508 to
151 471 182 508 ur
192 449 381 525 magistratus
391 450 545 517 Calabriae,
555 450 718 522 Apulique,
725 463 757 506 et
766 453 853 508 Cam·

107 530 186 604 pani,
200 545 339 600 suprema
352 528 425 604 erga
437 529 614 586 memoriam
628 527 680 584 lilii
690 529 737 585 sui
747 547 852 586 mune·

108 625 140 664 ra
164 607 367 688 fungerentur.
402 606 499 680 Igitur
512 607 710 668 tribunorum,
723 606 855 664 centuri·

105 704 257 760 onumque
268 684 402 744 humeris
412 685 525 744 cineres
533 687 732 759 portabantur,
743 703 855 758 praeca·

105 765 214 822 debant
226 764 355 822 incomta
368 763 460 840 signa,
475 764 552 820 versi
566 763 660 820 fasces
671 783 680 818 z
703 762 793 837 atqui:
806 765 856 822 ubi

103 841 235 900 colonias
248 845 623 919 transgrederenturatrata
631 843 856 913 plebestrabes·

105 921 129 978 ti
142 920 268 996 equites,
281 938 334 994 pro
348 921 451 996 opibus
465 921 522 978 loci
535 931 659 989 vestem,
672 923 792 990 odores,
804 922 855 980 ali·

106 1018 184 1074 aque
209 999 348 1058 funerum
375 999 505 1056 solennia
533 1002 713 1056 cremabant.
754 1000 855 1058 Etiam

106 1096 236 1154 quorum
246 1077 710 1152 diversaoppida,tamen‚obvii,et
719 1077 856 1137 victimas

107 1155 193 1232 atqui
204 1175 269 1214 aras
278 1153 489 1214 DiisMauibus
497 1166 668 1225 statuentes,
676 1157 856 1231 lacrymiset

107 1236 388 1294 conclamationibus
400 1237 532 1292 dolorem
545 1237 735 1292 testabantur.
775 1237 856 1293 Dru·

108 1332 161 1370 sus
172 1313 383 1372 Tarracinam1
405 1332 568 1390 progessus
576 1325 630 1381 est,
644 1332 716 1370 cum
728 1315 854 1372 Claudio

107 1391 210 1458 fratre,
223 1390 383 1466 liberisque
397 1391 580 1457 Germanici,
595 1391 689 1468 quiin
703 1396 778 1450 urbe
792 1391 853 1450 lue·

105 1480 179 1528 rant.
219 1471 375 1539 Consules,
389 1469 433 1526 M.
447 1471 588 1528 Valerius
601 1482 632 1530 et
644 1471 852 1541 M.Aurelius‚

104 1549 168 1628 jam
181 1547 262 1606 euim
274 1550 482 1624 magistratum
490 1562 672 1625 acceperant,
681 1562 713 1607 et
722 1561 851 1618 senatus,

105 1647 140 1684 ac
153 1646 263 1704 magna
274 1645 343 1702 pars
355 1629 458 1703 populi
478 1629 556 1686 viam
577 1631 781 1704 complevere,
793 1630 851 1688 dis·
913 1672 915 1685 .

103 1701 189 1784 jecti,
213 1715 245 1763 et
266 1716 299 1764 ut
324 1709 431 1783 cuique
456 1705 582 1776 libitum,
607 1708 731 1766 flentes:
753 1711 851 1766 aberat

106 1781 217 1860 quippe
237 1787 373 1854 adulatio,
396 1786 495 1863 guaris
513 1785 651 1844 omnibus
672 1789 776 1844 laetam
799 1787 850 1844 Ti·
913 1808 915 1837 ι

105 1864 188 1921 herio
215 1863 385 1923 Germanici
412 1876 538 1923 mortem
564 1864 642 1932 male
661 1863 852 1923 dissimulari.-
913 1902 915 1943 ;

105 1940 246 1998 Tiberius
268 1942 357 2016 atque
381 1947 518 2020 Augusta
539 1945 655 2019 publico
673 1941 851 2013 abstinuere,
913 1962 915 1987 t

105 2019 230 2077 inferius
243 2020 396 2096 majestate
412 2026 467 2078 sua
481 2023 535 2079 rati
549 2023 572 2079 si
593 2022 692 2097 palam
711 2024 851 2080 lamenta·
913 2066 915 2073 .

107 2107 210 2154 rentur
223 2114 270 2166 an,
283 2116 329 2166 ne,
342 2101 476 2157 omnium
497 2102 590 2158 oculis
609 2103 725 2159 vultum
746 2120 850 2161 eorum

108 2177 312 2248 scrutantibus,
335 2177 399 2236 falsi
421 2178 677 2255 ¹intelligerentur.
719 2179 850 2238 Matrem

108 2253 270 2312 Antoniam
286 2273 346 2313 non
369 2259 446 2332 apud
467 2270 601 2315 auctores
613 2277 725 2326 rerum,
737 2277 796 2315 non
809 2259 850 2316 di·
913 2322 915 2331 ,

106 2335 328 2414 transactorum
350 2337 508 2410 scriptura,
528 2335 646 2408 reperio
664 2338 726 2394 ullo
741 2336 850 2414 insigni

104 2411 202 2468 officio
223 2412 363 2482 functam,
386 2415 457 2472 etim
481 2431 570 2486 super
589 2413 802 2490 Aggripinam,
821 2424 849 2472 et

102 2485 247 2556 Drusum,
261 2500 290 2546 et
304 2493 472 2558 Claudium,
486 2492 577 2550 ceteri
589 2491 708 2568 quoque
728 2512 851 2552 consau-

141 2681 153 2715 1
179 2683 398 2733 tarracinam-a
408 2683 461 2745 city
472 2681 504 2730 of
518 2684 597 2746 Italy,
608 2682 689 2732 inibe
702 2683 849 2750 Campania

100 2740 133 2788 of
147 2745 240 2804 Rome,
256 2762 323 2809 upon
337 2749 383 2796 the
395 2748 519 2798 frontiets
536 2747 569 2798 of
583 2748 694 2813 Naples.
