1875 3267
20 2333 22 2400 t

440 242 503 298 292

91 385 192 444 animo
216 403 272 441 suo
297 381 446 443 volvebat(
473 387 622 445 Terrebat
648 405 723 445 eum
745 399 852 455 natura

91 463 275 530 mortalium,
289 464 374 532 avida
391 466 526 540 imperii,
538 478 570 523 et
589 484 730 541 praceps
743 469 784 524 ad
796 486 852 524 ex·

93 543 232 616 plendam
254 543 346 602 animi
366 543 558 618 cupidinem
580 544 729 620 puaetereai
741 562 851 618 oppor-

90 623 199 680 tunitas
214 640 335 698 suaeque
345 635 375 682 et
384 623 546 682 liberorum
557 626 663 693 aetatis,
672 643 744 699 quae
758 625 852 683 etiam

92 701 260 759 mediocres
274 700 353 760 viros
367 719 419 774 spe
432 705 542 775 pracda
553 714 742 761 transversos
761 702 828 778 agit
840 724 849 758 x

91 780 207 847 adhoc,
221 781 317 840 studia
337 781 542 842 Numidarum
555 784 586 840 in
599 784 787 857 Jugurtham
801 800 852 838 ac·

90 877 181 917 censa
195 881 203 926 ;
225 880 262 919 ex
278 861 394 934 quibus,
408 861 434 918 si
447 863 539 920 talem
553 863 653 920 virum
667 861 745 920 dolis
759 863 852 918 inter-

90 937 216 1008 fecisset,
237 957 274 998 ne
299 957 361 1016 qua
378 939 483 998 seditio
504 953 557 1000 aut
578 944 692 1001 bellum
717 942 851 999 oriretur

90 1019 198 1077 anxius
213 1030 283 1077 erat.

131 1098 189 1156 His
201 1097 420 1157 difficultatibus
435 1096 673 1170 circumventus,
694 1099 748 1157 ubi
768 1097 850 1156 videt

87 1175 186 1253 nequi
199 1195 254 1252 per
268 1177 329 1236 vim
350 1176 446 1254 nequa
469 1178 585 1236 insidiis
605 1179 738 1253 opprimi
759 1195 850 1252 posse

90 1252 245 1316 hominen
259 1267 320 1314 tam
342 1268 503 1332 acceptum
527 1259 746 1333 popularibus3
766 1256 849 1332 quiid

89 1346 153 1392 erat
177 1335 324 1410 Jugurtha
355 1355 448 1394 manu
475 1350 624 1411 promtus,
651 1349 681 1393 at
701 1348 849 1412 appetens

90 1412 190 1490 gloria
202 1415 352 1484 militaris,
367 1413 470 1474 statuit
481 1433 554 1492 eum
563 1415 716 1490 objectare
730 1416 849 1491 pericu·

89 1494 137 1564 lis,
150 1503 181 1550 et
193 1512 230 1551 eo
243 1496 332 1552 modo
345 1493 495 1553 fortunam
509 1504 632 1552 tentare.
673 1495 774 1572 Igitur
787 1497 849 1552 bel·

89 1574 119 1632 10
133 1573 308 1632 numantino
323 1573 462 1648 Micipsa,
484 1571 579 1648 quum
594 1575 707 1650 populo
721 1593 848 1632 romano

90 1651 228 1728 equitum
242 1664 329 1728 atque
342 1654 481 1729 peditum
496 1653 849 1728 auxilia...mitteret,spe·

91 1749 159 1790 nans
185 1734 233 1790 vel
258 1733 432 1791 ostentando
454 1732 610 1802 virtutem,
637 1735 685 1790 vel
711 1732 847 1790 hostium

91 1809 205 1868 saevitia
220 1810 303 1870 faeno
318 1831 389 1870 eum
411 1829 600 1879 occasurum,
621 1811 761 1884 praefecit
782 1813 848 1869 Nu·

90 1890 191 1958 midia,
205 1910 281 1964 quos
292 1892 322 1950 in
336 1890 513 1965 Hispaniam
523 1892 667 1953 mittebat.
677 1891 742 1948 Sed
751 1909 790 1948 ea
799 1908 847 1948 res

90 1967 179 2046 longi
192 1969 277 2028 aliter
290 1991 324 2028 ac
339 1981 421 2030 ratus
434 1980 497 2027 erat
510 1971 617 2042 evenit.
639 1972 720 2028 Nam
735 1971 848 2045 iugur-

91 2051 151 2115 tha,
164 2062 197 2106 ut
218 2060 281 2106 erat
301 2047 434 2126 impigro
454 2058 543 2123 atque
566 2049 628 2106 acri
647 2048 782 2125 ingenio,
797 2048 845 2106 ubi

90 2129 229 2186 naturam
244 2127 341 2186 Publii
359 2127 519 2201 Scipionis,
539 2129 589 2202 qui
609 2126 677 2184 tdm
701 2128 847 2186 Romanis

92 2207 253 2278 imperator
268 2216 341 2276 erat,
354 2218 384 2265 et
405 2225 524 2265 morem
538 2207 672 2275 hostium
684 2207 846 2281 cognovit3

91 2287 186 2364 multo
201 2286 297 2348 labore
308 2289 463 2361 multdque
479 2288 562 2352 cura,
571 2285 846 2362 praetereimodes·

91 2363 206 2422 tissimd
221 2365 361 2439 parendo,
374 2376 404 2422 et
417 2362 497 2436 saep&
513 2364 630 2422 obviam
654 2366 755 2422 eundo
768 2362 846 2439 peri·

92 2443 176 2512 culis,
186 2443 216 2501 in
226 2455 338 2502 tantam
347 2442 553 2502 claritudinem
562 2444 646 2502 brevi
656 2454 846 2517 pervenerat,

92 2523 136 2580 uti
161 2523 270 2580 nostris
296 2525 488 2588 vehementer
514 2525 631 2591 carus¹,
652 2521 846 2583 Numantinis

132 2641 142 2676 1
156 2639 332 2692 Numantinis,
352 2637 515 2687 inhabitants
531 2636 569 2686 ot*
580 2620 737 2698 Numantia,
749 2656 766 2688 a
784 2655 844 2690 con-

20 2743 21 2766 ,
92 2701 226 2754 sido-able
238 2703 293 2766 city
306 2703 338 2752 of
352 2703 508 2762 Celtiberia,
526 2704 608 2755 taken
628 2706 680 2755 and
699 2705 846 2769 destroyed

20 2771 22 2792 '
93 2767 127 2829 by
146 2765 245 2832 Scipio,
260 2767 403 2820 n.c.134.·
439 2771 479 2818 Its
491 2770 566 2829 ruins
579 2786 640 2836 may
656 2788 716 2823 now
735 2773 845 2824 bomo
918 2814 920 2817 .

20 2911 22 2969 i

89 2835 154 2884 hear
167 2835 252 2894 soria,
265 2835 290 2884 in
305 2836 360 2886 Old
374 2835 484 2896 Castile,
538 2884 542 2894 ,
