1875 3267
368 264 499 328 v2⁴12]

87 405 238 469 vulnere
231 405 329 471 intacti
339 404 420 467 tela'
409 425 440 466 m
454 410 593 469 hostem
584 420 764 504 ingererent,
775 429 843 474 mu·

88 499 166 540 rum
180 483 236 542 ab
228 503 290 542 uno
311 489 347 544 ad
361 505 517 547 summum
537 491 647 548 crebris
667 492 843 549 cubitalibus

88 559 155 619 fere
174 563 253 622 cavis
264 565 396 641 aperuit:
412 585 467 641 per
480 585 547 642 quae
558 587 627 640 cava
639 587 708 644 pars
720 561 845 645 διεὶῑΐὶῑ,

87 657 164 716 pars
178 643 379 718 scorpionibus
392 645 517 704 modicis
530 665 569 704 ex
577 651 695 704 occulto
709 651 846 720 petebant

89 721 224 778 hostem.
239 721 597 810 Quaepropidsquaedam
607 725 846 798 ιιιιιιιιιιιιιιιιιιιε,

88 795 155 874 qud
171 797 327 858 interiores
338 801 447 867 ictibus
459 815 679 862 tormentorum
692 818 800 872 essent,
814 804 846 864 in

90 895 145 934 cas
165 881 310 936 tollenone
332 897 420 954 super
439 899 563 941 murum
582 884 731 940 eminente
751 883 846 950 ferret
923 900 924 903 ’

90 971 203 1012 manus
212 957 308 1015 firmae
318 969 429 1016 catenae
440 960 550 1036 illigata
556 979 651 1038 quum
658 959 769 1038 injecta
778 980 847 1036 pro

91 1049 138 1090 1·ae
145 1043 242 1105 esset,
256 1037 338 1112 gravi
358 1037 535 1096 libramento
553 1039 676 1128 plumbi
688 1043 847 1101 recellente

92 1111 253 1181 ausorum,
274 1113 426 1205 suspensa·
431 1120 528 1188 prora,
548 1117 648 1175 navim
669 1117 699 1173 in
719 1119 848 1193 puppim

94 1194 259 1249 statuebam
273 1193 340 1250 dein
354 1193 478 1251 remissa
492 1195 596 1263 subito,
611 1198 692 1254 velut
705 1217 743 1252 ex
757 1214 848 1257 muro

52 1325 54 1327 .
95 1271 254 1328 cadentem
264 1289 362 1329 navrm
371 1291 440 1331 cum
451 1290 570 1348 ingenti
555 1273 764 1346 trepidatione
773 1293 848 1334 nau

93 1355 197 1404 tarum
210 1347 250 1405 ita
263 1351 350 1407 undae
367 1349 522 1446 affligebat,
535 1362 568 1410 ut
581 1352 695 1410 etiamsi
706 1363 788 1412 recta
801 1372 848 1412 re·

94 1427 221 1497 ciderat‚
234 1425 418 1518 aliquantcim
431 1449 514 1508 aquae
528 1426 681 1521 acciperet.
697 1429 745 1488 Ita
758 1431 849 1490 mari·

96 1501 173 1562 tima
186 1519 335 1596 oppugnat
337 1507 365 1564 io
324 1517 419 1565 test
429 1510 519 1578 elusa,
527 1512 683 1585 omnisque
695 1509 741 1564 vis
754 1509 847 1568 ested

96 1601 192 1652 versa,
203 1595 237 1642 ut
246 1593 288 1642 tot
290 1585 315 1640 is
325 1585 437 1644 viribus
446 1590 524 1644 terra
534 1588 774 1662 aggrederentur.
789 1587 849 1647 Sed

97 1681 133 1720 ea
147 1681 262 1738 quoque
272 1680 340 1737 pars
341 1666 459 1722 eodem
472 1663 553 1722 omni
567 1673 706 1739 apparatu
718 1674 848 1723 tormen·

97 1751 197 1798 torum
210 1741 354 1800 instructa
367 1753 437 1812 erat,
456 1741 748 1814 Hieronisimpensis
762 1747 851 1800 cura,

98 1837 158 1902 que
173 1838 226 1894 per
239 1825 351 1880 multos
364 1837 455 1878 annos
469 1818 660 1879 Archimedis
672 1819 761 1876 unicd
774 1832 847 1877 arte.

97 1894 214 1956 Natura
228 1897 316 1956 etiam
336 1899 455 1976 juvabat
467 1898 542 1956 loci.
564 1899 644 1976 quod
663 1900 779 1964 saxum,
800 1898 850 1980 cui

98 1975 238 2073 imposita
262 1977 341 2034 muri
367 1976 559 2036 fundamenta
579 1987 656 2048 sunt,
676 1977 788 2067 magna
807 1997 848 2038 ex
886 2035 889 2038 .

98 2057 181 2134 parte
196 2054 236 2112 ita
249 2055 377 2130 proclive
388 2065 441 2127 est,
455 2068 560 2114 utnon
574 2055 672 2114 solum
685 2055 777 2114 missa
789 2066 850 2114 tor·

99 2143 212 2204 mente,
225 2135 276 2191 sed
290 2135 381 2191 etiam
394 2153 463 2210 quae
485 2137 615 2210 pondere
629 2140 683 2192 suo
696 2137 850 2206 provoluta

100 2224 206 2282 essent,
220 2213 347 2288 graviter
360 2213 390 2272 in
403 2215 521 2272 hostem
535 2213 706 2272 inciderent
734 2213 849 2272 Eadem

100 2307 188 2350 causa
201 2293 237 2348 ad
252 2293 439 2370 subeundum
453 2292 580 2350 arduum
594 2291 717 2359 aditum,
729 2289 850 2350 instabi-

99 2370 238 2445 lemque'
230 2367 401 2466 ingressum
415 2369 651 2444 praebebat.1ta
665 2367 789 2428 consilio
798 2373 850 2429 ha·

98 2447 167 2516 bito,
182 2446 277 2524 quum
296 2449 394 2507 omnis
414 2459 535 2506 conatus
554 2448 687 2506 ludibrio
700 2459 786 2515 esset,
799 2451 850 2506 ab·

101 2523 203 2584 sistere
211 2518 440 2604 oppugnatione,
450 2538 539 2602 atque
549 2522 721 2585 obsisdcndo
734 2536 865 2600 tantum⁸

100 2623 209 2664 arcere
220 2609 303 2665 terr&
328 2607 464 2684 marique
490 2603 707 2664 commeatibus
732 2605 849 2666 hostem

100 2683 221 2759 placuit.

473 2782 495 2818 x
