1875 3267
454 342 495 395 ⁵5

100 493 230 560 tumque
249 483 399 543 obscurior
409 484 503 542 turba.
543 484 741 544 Macedonum
767 502 839 560 quu-

101 579 165 637 que
185 578 245 619 non
269 562 390 636 quidem
415 562 514 630 multi,
541 565 592 622 sed
624 561 839 638 promptissimi

100 651 214 710 tamen,
228 638 299 699 caesi
311 648 399 710 sunt3
420 640 497 699 inter
509 660 583 716 quos
596 642 755 701 Alexandri
767 644 839 701 dex·

100 730 184 779 trum
192 716 298 777 ⁴femur
309 719 413 777 leviter
425 738 569 778 mucrone
582 719 771 796 perstrictum
784 733 838 779 est

108 824 111 831 ⁴
143 800 269 871 Jamque
287 796 342 871 qui
356 798 487 857 Darium
508 801 654 857 vehebant
672 800 750 874 equi,
769 818 838 857 con·

101 875 176 933 fossi
189 876 280 933 hastis
299 885 330 933 et
341 877 440 935 dolore
452 877 595 946 efferati,'
585 895 697 955 rugum
711 889 839 953 quatere,

101 965 134 1013 et
160 973 265 1030 regem
278 972 368 1012 curru
389 966 529 1015 excutere
548 967 723 1029 coeperant;
744 975 839 1032 quum

101 1028 163 1101 ille,
176 1033 285 1090 veritus
298 1052 336 1091 ne
357 1034 442 1104 rivus
454 1035 567 1092 veniret
587 1034 625 1108 in
641 1034 769 1091 hostium
789 1052 840 1109 po·

74 1149 76 1151 -
102 1121 250 1180 testatem,
269 1112 376 1180 desilit,
394 1122 425 1169 et
444 1112 476 1169 in
495 1132 617 1187 equum,
646 1113 699 1185 qui
728 1115 764 1170 ad
783 1114 840 1169 hoc

100 1193 288 1282 sequebatur,
320 1188 501 1265 imponitur·
535 1190 702 1265 insignibus
723 1196 857 1265 quoque·

99 1268 231 1359 imperii,
249 1286 287 1327 ne
300 1268 402 1345 fugam
416 1270 581 1343 proderent,
589 1267 726 1327 indecore
745 1269 841 1347 abjec-

94 1349 149 1405 tis.
170 1350 253 1405 Tum
272 1346 343 1407 verd
361 1352 458 1407 ceteri
485 1348 661 1445 dissipantur
685 1357 777 1420 metu,
810 1359 840 1406 et

101 1428 163 1501 qua
176 1428 283 1501 cuique
296 1429 412 1503 patebat
424 1432 459 1487 ad
473 1427 575 1502 fugam
600 1426 649 1485 via
666 1438 838 1500 erumpunt,

99 1522 188 1564 artua
205 1506 425 1585 jacientesquae
447 1505 534 1581 paulb
559 1515 627 1563 ante
653 1508 690 1563 ad
713 1509 839 1566 tutelam

97 1600 262 1656 corporum
293 1596 499 1660 sumpserant.
535 1576 607 1641 adeb
635 1603 725 1659 pavor
748 1586 839 1642 etiam

100 1662 215 1721 auxilia
232 1662 389 1723 formidat!
410 1666 537 1721 Instabat
549 1660 729 1737 fugientibus
748 1682 840 1735 eques

100 1762 119 1801 a
131 1743 325 1801 Parmenione
333 1744 451 1808 missus,
462 1753 491 1799 et
504 1738 595 1797 forte
588 1758 620 1795 m
632 1741 662 1795 id
673 1756 764 1797 comu
777 1759 841 1799 om-

99 1840 155 1879 nes
162 1818 237 1897 fuga
245 1822 412 1881 abstulerat
433 1820 489 1879 At
483 1838 513 1877 m
520 1820 625 1876 dextro
633 1820 733 1876 Persae
745 1820 840 1877 Thes-

100 1903 180 1958 salos
201 1900 320 1993 equites
333 1901 526 1959 vehementer
546 1894 728 1972 urgebant,
717 1916 840 1972 Jamque

98 1978 241 2039 unaala
233 1994 298 2051 ipsu
312 1980 426 2052 impetu
447 1978 614 2050 proculcata
635 1986 724 2041 erat;
745 1993 840 2049 quum

100 2056 252 2127 Thessali,
272 2056 389 2116 strenue
414 2054 600 2115 circumactis
623 2054 707 2129 equis
726 2054 841 2130 dilapsi,

99 2132 206 2203 mrsus
219 2135 250 2193 in
262 2136 403 2210 praelium
415 2138 546 2203 redeunt,
561 2151 736 2208 sparsosque
746 2144 777 2191 et
797 2135 841 2191 in·

48 2252 52 2258 ,
97 2215 279 2289 compositos
297 2215 425 2273 victoriae
447 2214 552 2272 fiducia
572 2214 708 2269 barbaros
729 2212 842 2289 ingenti

99 2298 183 2355 caede
197 2303 392 2365 prosternunt
444 2292 522 2367 Equi
546 2289 655 2365 pariter
667 2291 840 2366 equitesque

99 2375 286 2442 Persarum,
288 2372 364 2431 serie
383 2372 560 2430 laminarum
586 2387 702 2444 graves,
714 2388 840 2468 agmen,

99 2453 180 2527 quod
195 2452 345 2509 celeritate
357 2448 489 2510 maxime
504 2458 625 2517 constat,
645 2446 738 2538 aegre·
738 2450 841 2506 molie-

26 2583 29 2589 .
98 2533 229 2598 bantur-3
251 2529 359 2603 quippe
382 2530 410 2587 in
425 2528 660 2603 circumagendis
673 2526 756 2599 equis
779 2527 841 2584 suis

101 2572 239 2669 'lbessaii
272 2612 381 2667 multos
411 2614 632 2681 occupaverant.
682 2607 752 2662 Hac
778 2615 841 2661 tam

99 2691 245 2764 prosperi
270 2692 372 2763 pugna
397 2686 544 2753 nunciata,
570 2684 765 2749 Alexander,
781 2698 842 2738 non

101 2776 168 2824 ante
182 2784 272 2823 ausus
292 2784 429 2839 persequi
419 2766 588 2829 barbaros,
613 2761 765 2831 utrimque
777 2758 842 2833 jam

100 2843 204 2931 victor,
216 2844 325 2903 instare
337 2842 517 2921 fugientibus
536 2837 631 2913 coepit.
671 2836 759 2891 Haud
782 2850 846 2889 am
