1875 3267
408 263 470 319 263

105 533 106 538 ¹
196 523 482 620 unnnnprou
503 521 665 595 >curun⁴

67 739 135 803 The
155 741 281 802 arrival
295 740 336 826 os
347 743 451 826 Scipio
473 743 506 804 in
529 741 744 828 Africa-He
763 746 812 808 de-

185 857 294 930 'stroys
310 849 459 936 ihenrnzy
476 847 688 938 οῘΑειΙηιὸιιΙ.Δ

208 993 298 1058 (Rotn-
322 995 392 1046 Hist.
405 998 484 1046 Titus
494 999 529 1048 L.
540 997 609 1048 book
620 996 674 1062 28.)

105 1095 213 1158 Semo
227 1115 296 1158 cum
310 1104 344 1160 C
358 1101 447 1160 Laeiio
470 1103 582 1161 duabus
595 1102 820 1195 quinqueremi

59 1178 119 1235 bus
139 1181 175 1236 ab
198 1181 376 1272 Carthagine
399 1179 550 1254 profectus
569 1181 727 1253 tranquillo
739 1183 815 1238 meri

60 1256 229 1331 plurimum
244 1259 335 1316 remis
356 1257 507 1317 interdum
527 1271 558 1318 et
581 1261 639 1319 leni
661 1260 816 1336 adjuvante

61 1347 162 1404 vento,
174 1335 203 1394 in
218 1337 353 1396 Africani
365 1337 492 1415 trajecit.
516 1339 617 1406 Forte
609 1337 650 1397 ita
664 1338 774 1407 incidit,
783 1349 817 1396 ut

62 1435 101 1476 eo
128 1417 193 1490 ipso
214 1425 348 1491 ternpore
375 1419 521 1476 Asdrubal
541 1421 645 1491 pulsus
669 1417 816 1492 Hispania

62 1505 183 1572 septem
195 1494 364 1554 triremibus
385 1507 505 1570 porum
526 1497 670 1564 invectus,
681 1495 818 1554 anchoris

61 1573 168 1648 positis
200 1583 285 1632 terrae
315 1575 474 1665 applicaret
492 1593 600 1644 navem
633 1572 729 1650 quum
748 1592 818 1632 con·

62 1663 194 1727 spectae
213 1652 279 1710 duae
311 1654 541 1744 quinqueremes
563 1655 640 1711 haud
660 1649 816 1747 cuiquam

63 1731 163 1798 dubio,
189 1731 260 1807 quin
284 1729 416 1791 hostium
443 1743 553 1800 essent,
584 1728 773 1805 opprimique
795 1728 818 1786 'ii

62 1809 200 1884 pluribus
232 1809 406 1885 priusquim
437 1822 556 1885 portum
578 1809 728 1874 intrarent,
752 1823 819 1878 pos-

63 1899 140 1952 sent,
154 1888 228 1946 nihil
242 1888 318 1947 aliud
332 1886 423 1964 quim
445 1891 608 1946 iumuitum
623 1905 657 1944 ac
669 1884 820 1959 trepidati-

61 1984 154 2024 onem
170 1967 258 2026 simui
267 1967 437 2028 militumae
449 1978 605 2024 nautarum
618 1963 784 2039 nequicque
773 1961 821 2022 ni

62 2063 210 2120 armaque
246 2055 275 2104 et
305 2064 396 2104 naves
422 2045 649 2121 expedientium,
672 2042 819 2102 fecerunt.

63 2123 215 2186 Percussa
228 2124 308 2182 eninr
319 2145 357 2184 cx
367 2127 424 2184 alto
435 2125 499 2182 vela
509 2127 596 2199 paulo
606 2121 712 2183 acriori
720 2132 819 2192 vento,

61 2199 152 2276 prius
178 2202 210 2260 in
243 2213 362 2280 portum
391 2205 555 2262 intulerunt
580 2204 820 2278 quinqueremes,

62 2278 159 2356 quim
176 2283 257 2340 Poeni
270 2286 412 2342 anchoras
426 2283 610 2340 molirentur.
649 2284 715 2340 Nec
741 2281 819 2339 uitri

60 2361 267 2420 tumuitum'
243 2379 323 2430 ciere
333 2363 488 2438 quisquam
499 2361 530 2416 in
545 2361 626 2436 regio
635 2373 722 2435 portu
731 2362 819 2418 aude-

60 2441 123 2496 bat.
168 2441 270 2515 Itaque
284 2440 365 2516 prior
385 2442 413 2498 in
436 2451 548 2496 terrum
569 2442 725 2508 Asdrubal,
746 2455 819 2496 mox

62 2517 172 2594 Scipio
197 2531 227 2578 et
248 2521 359 2578 Laelius
378 2517 501 2596 egressi,
518 2516 554 2574 ad
568 2533 671 2594 regem
684 2526 819 2592 pergunt.

63 2597 332 2674 Magnificumque
354 2601 383 2658 id
410 2597 538 2673 Syphaci
557 2597 627 2671 (nec
646 2591 820 2669 erat-aliter)

61 2678 180 2747 visum,
201 2679 325 2738 duorum
341 2678 629 2754 opulentissimorum
644 2679 679 2732 eit
692 2687 821 2748 tempes-

61 2769 128 2816 tate
144 2760 238 2816 duces
250 2759 440 2838 populorum,
465 2773 524 2812 uno
545 2754 591 2812 die
611 2771 694 2819 suurn
715 2770 822 2828 pacem
