1875 3267
432 216 494 272 2⁸9

117 359 263 441 Ceterum
276 359 411 420 nobilitas
425 359 553 420 factione
573 359 672 439 magis
685 362 834 435 pollebats

77 441 177 517 plebis
190 441 234 500 vis
255 443 359 510 soluta,
374 451 462 514 atque
485 441 515 496 in
535 439 754 499 multitudinem
775 439 836 498 dis·

76 539 167 596 persa
183 518 282 578 minus
299 528 420 592 poterat.
442 521 608 577 Paucorum
625 519 752 587 arbitrio,
765 520 835 578 belli

78 599 229 674 domique.
238 601 404 672 respublica
413 598 580 675 agitabatur
592 621 600 667 ;
614 597 703 670 penes
713 601 836 659 eosdem

77 677 232 746 aerarium,
245 677 418 753 provinciae,
431 677 632 753 magistratus,
648 675 769 752 gloriae,
780 677 836 735 tri·

77 757 249 832 tuiiphiqne
259 767 360 827 erant'3
381 759 507 832 populus
517 755 624 813 militia
635 766 724 829 atque
734 756 837 832 inopia¹

76 838 267 911 urgebatur,
290 838 407 911 praedas
421 833 543 892 bellicas
557 833 755 910 imperatores
765 854 836 895 cum

76 915 183 988 paucis
196 915 389 989 diripiebant:
412 913 525 976 intercal
539 924 676 989 parentes
689 924 738 972 aut
751 915 836 990 parvi

76 993 166 1060 liberi
180 993 319 1061 militum,
333 995 376 1052 uti
399 995 526 1068 quisque
541 993 698 1068 potentiori
713 992 836 1052 confinis

78 1085 154 1140 erat,
179 1073 296 1130 sedibus
316 1074 510 1148 pellebantur.
532 1069 588 1141 Ita,
613 1091 684 1129 cum
704 1073 836 1148 potentia
915 1122 916 1125 ,

79 1150 214 1219 avaritia,
229 1152 290 1208 sine
304 1154 394 1208 modo
404 1151 610 1225 modestiaque
618 1150 765 1221 invadere,
774 1153 837 1224 pol·

77 1233 177 1297 luere,
206 1241 236 1286 et
260 1240 373 1290 vastare
400 1231 518 1299 omnia;
540 1229 615 1286 nihil
638 1232 723 1304 pensi
739 1248 837 1305 neque

80 1309 178 1366 sancti
199 1310 315 1378 babere,
329 1310 424 1384 quoad
446 1308 607 1380 semetipsa
632 1308 837 1384 praecipitarit.

79 1387 166 1444 Nam
180 1389 226 1446 ubi
243 1387 375 1462 primdm
397 1407 434 1445 ex
457 1387 606 1446 nobilitate
629 1390 738 1462 reperti
758 1392 839 1458 sunt,

79 1467 136 1542 qui
149 1485 251 1524 veram
263 1467 389 1542 gloriam
399 1466 518 1546 injustae
529 1467 663 1541 potentia
678 1478 841 1542 antepone.

79 1557 161 1616 rent,
170 1547 397 1611 movericivitas
410 1567 417 1613 ;
434 1557 463 1603 et
476 1547 621 1613 dissensio
634 1546 738 1609 civil-is,
753 1545 837 1622 quasi

81 1624 247 1700 permixtio
260 1636 359 1694 terrae,
373 1623 443 1682 oriri
454 1625 554 1698 coepit.

114 1705 196 1760 Nam
209 1702 366 1778 postquam
378 1703 525 1771 Tiberius,
534 1704 564 1759 et
573 1702 663 1760 Caius
671 1705 839 1773 Gracchus,

82 1801 215 1858 quorum
228 1783 358 1859 majores
368 1782 478 1856 punico
486 1787 573 1856 atque
588 1781 653 1838 aliis
666 1782 750 1838 bellis
760 1783 839 1839 mul·

81 1864 151 1938 ttim
165 1861 334 1934 reipublicae
355 1841 534 1928 addiderant,
554 1861 699 1917 vindicare
719 1862 840 1935 plebem

79 1940 114 1997 in
130 1939 294 1997 libertatem
308 1951 337 1996 et
351 1942 517 2014 paucorum
539 1942 652 1996 scelera
671 1939 839 2015 patefacere

84 2022 232 2092 crepere,
254 2019 398 2089 nobilitas,
419 2017 507 2076 noxia
526 2028 613 2092 atque
633 2039 668 2076 eo
694 2021 842 2095 perculsa,

82 2096 177 2154 modd
190 2114 244 2172 per
259 2098 354 2155 socios
368 2106 397 2154 et
409 2114 518 2156 nomen
540 2097 674 2168 latinum,
686 2097 839 2156 interdum

83 2193 141 2251 per
163 2175 280 2252 equites
304 2194 451 2244 romanos,
472 2196 546 2250 quos
569 2195 639 2252 spes
660 2175 840 2236 societatis&

82 2256 172 2329 plebe
187 2253 363 2325 dimoverat,
384 2258 593 2314 Gracchorum
614 2257 778 2315 actionibus
791 2259 841 2314 ob·
913 2260 917 2269 ’

82 2331 166 2389 viam
182 2325 278 2392 ierai:
301 2349 331 2392 et
344 2333 442 2407 primi)
463 2335 627 2404 Tiberium,
641 2337 708 2394 dein
729 2344 840 2410 paucus
878 2380 880 2383 .

82 2423 153 2487 pust
167 2427 258 2469 annos
272 2415 375 2471 eadem
390 2413 608 2488 ingredientem
623 2415 842 2484 Caium,tribu·

83 2509 159 2548 nuru
176 2492 269 2565 plebis
283 2495 418 2561 alterum,
441 2493 568 2560 alterum
588 2494 777 2551 triumvirum
790 2511 841 2550 co·

85 2567 175 2626 loniis
194 2571 381 2642 deducendis,
401 2588 472 2628 cum
487 2570 593 2628 Marco
616 2571 719 2633 Fulvio
733 2573 840 2628 Flacco

86 2648 169 2706 ferro
190 2661 352 2708 necaverat.
387 2651 427 2708 Et
448 2647 517 2706 saud
532 2649 687 2719 Gracchis,
701 2649 842 2723 cupidine

86 2727 232 2796 victoriae,
245 2731 325 2792 haud
346 2729 416 2786 satis
436 2729 554 2862 anirpus
579 2730 747 2786 moderatus
760 2726 841 2797 fuit3

455 2823 475 2864 a
