1875 3267
416 242 477 300 378

76 391 168 452 Sacral
189 389 246 456 via,
268 389 313 446 rel
336 387 366 444 in
387 386 466 444 aditu
488 385 594 443 theatri
615 384 822 444 adorirentur:

76 469 232 546 postquam
246 478 364 524 senatus
377 466 477 523 Idibus
498 463 618 522 Martiis
638 465 667 522 in
683 462 825 538 Pompeii

76 549 189 608 curiam
212 546 327 604 edictus
350 556 404 613 est,
424 541 509 602 facile
529 555 648 619 tempus
668 552 698 600 et
715 544 823 618 locum

77 627 282 701 praetulerunt.

117 702 174 761 Sed
187 704 302 761 Caesari
313 702 412 762 futura
425 702 524 759 caedes
532 700 715 759 evidentibus
725 701 824 772 prodi·

77 783 134 857 giis
152 781 320 839 denuntiata
341 790 393 839 est.
424 781 469 837 Et
483 790 570 838 nocte
586 781 636 836 cui
649 779 748 838 illuxit
760 781 825 837 die's

77 861 178 928 caeclis,
192 871 220 918 et
233 862 295 934 ipse
309 859 363 916 sibi
377 859 457 916 visus
471 868 516 915 est
525 876 580 933 per
590 858 723 931 quietem
733 858 825 915 inter·
912 856 914 861 ’

78 937 152 996 dum
179 941 267 1011 supra
292 941 385 994 nubes
406 936 538 1004 volitare,
558 936 631 994 aliis
653 937 823 1015 cum'Jore

78 1018 216 1074 dextram
237 1017 372 1092 jungere.
413 1017 452 1072 Et
470 1015 630 1090 Calpurnia
649 1033 727 1073 uxor
749 1015 825 1072 ima·
912 1038 914 1043 ·

79 1097 178 1171 girata
191 1106 246 1164 est,
255 1094 359 1152 collabi
374 1093 525 1166 fastigium
534 1096 652 1164 ¹domus,
663 1094 824 1153 marituni·
860 1114 865 1123 ·

79 1193 138 1248 que
151 1175 180 1230 in
192 1173 308 1248 gremio
322 1192 376 1231 suo
386 1171 518 1230 confodi:
540 1193 575 1231 ac
585 1172 681 1231 subito
694 1172 824 1233 cubiculi

79 1249 278 1325 fores-sponte
292 1261 459 1324 patuerunt.
500 1250 554 1335 Ob
561 1253 627 1308 haec
640 1252 729 1309 simul
742 1261 773 1308 et
785 1255 824 1310 ob

79 1329 228 1387 infirmam
253 1329 450 1399 valetudinem
471 1327 522 1385 diu
546 1341 708 1401 cunctatus,
730 1349 768 1388 an
792 1352 825 1390 se

80 1409 252 1469 contineret.
260 1417 291 1464 et
302 1426 368 1480 quae
384 1408 459 1480 apud
473 1420 608 1466 senatum
621 1421 826 1484 proposuerat,

80 1505 169 1562 agere
183 1486 332 1543 differret:
353 1487 470 1542 tandem
486 1487 524 1542 D.
538 1485 632 1544 Bruto
643 1489 826 1561 adhortante,
912 1504 914 1507 ·

80 1583 118 1624 ne
128 1565 295 1638 frequentes
309 1584 342 1621 ac
355 1563 415 1639 jam
430 1563 543 1622 dudum
556 1565 745 1639 opperientes
758 1562 825 1626 des·

80 1644 210 1712 titueret,
228 1642 329 1718 quintal
349 1643 408 1700 fere
430 1645 503 1699 horat
517 1661 694 1718 progressus
706 1657 768 1702 est:
790 1649 826 1705 li-

80 1724 251 1796 bellumque
265 1721 436 1779 insidiarum
449 1719 589 1790 indicem,
603 1725 638 1779 ab
650 1725 736 1782 obvio
750 1734 826 1798 quo.

81 1801 150 1858 dam
164 1813 346 1873 porrectum,
359 1799 463 1858 libellis
477 1800 593 1858 caeteris
607 1821 682 1875 quos
703 1801 825 1862 sinistra

81 1897 172 1938 manu
192 1883 316 1946 tenebat,
331 1878 413 1954 quasi
434 1897 505 1936 mox
528 1879 667 1944 lecturus,
682 1884 826 1941 commis»

83 1957 154 2012 cuit.
195 1956 273 2014 Dein
288 1959 419 2031 pluribus
433 1956 536 2013 hostiis
549 1957 645 2026 caesis,
654 1977 727 2016 curn
739 1963 824 2020 litare

82 2052 141 2091 non
155 2047 262 2106 posset,
283 2035 393 2092 introiit
408 2035 533 2102 curiam,
546 2040 647 2108 spreti
661 2040 823 2114 religione:

84 2113 302 2188 Spurinamque
315 2115 449 2179 irridens,
464 2124 492 2169 et
509 2124 542 2169 ut
564 2113 671 2172 falsum
686 2137 825 2194 arguens,

83 2189 163 2265 qubd
184 2191 246 2247 sine
265 2192 325 2248 ulla
344 2195 424 2247 norb
446 2193 513 2248 idus
536 2191 653 2250 Martiae
666 2196 822 2256 adessent:

84 2266 265 2343 quamquem
280 2269 304 2326 is
318 2269 431 2326 venisse
445 2270 565 2344 quidem
576 2290 626 2328 eas
638 2272 759 2342 diceret,
773 2280 823 2336 sed
912 2300 914 2333 ;

83 2363 142 2404 non
156 2347 342 2419 praeteriisse.

123 2425 822 2502 Assidentemconspicatispecieofficiicireum-
912 2472 914 2489 .

83 2512 240 2559 steterunt:
260 2505 398 2578 illicoque
416 2505 541 2570 Cimber
558 2508 683 2575 Tullius,
702 2513 754 2585 qui
766 2515 821 2588 pri·
912 2528 914 2533 '

81 2596 147 2654 anas
171 2593 268 2653 partes
289 2594 467 2655 susceperat,
481 2585 564 2657 quasi
580 2586 690 2660 aliquid
704 2604 821 2666 rogatu·

81 2658 285 2746 ‚rusqpropiils
306 2661 446 2717 accessitz
475 2663 668 2740 renuentique
690 2677 720 2724 et
736 2683 821 2744 gestu

81 2745 111 2784 in
124 2734 201 2789 aliud
214 2745 332 2810 tempus
346 2737 501 2809 dill'erenti,
510 2743 544 2799 ab
559 2751 682 2819 utroque
696 2746 819 2813 humero
