1875 3267
448 277 518 333 280
531 352 539 371 ·

120 442 224 503 rupem
236 422 351 481 inviam
365 441 443 481 esse.
461 422 624 497 Digressus
635 416 743 479 deinde
756 418 822 493 lpse
834 422 868 479 al

119 510 217 567 locum
234 502 399 560 visendum.
439 504 526 559 Haud
539 502 624 559 dubia
646 518 695 556 res
715 499 791 566 visa,
803 500 868 573 quin

119 602 173 659 per
184 580 261 639 invia
272 580 362 650 circa,
373 598 427 637 nee
440 582 509 637 trita
522 579 616 649 antei,
625 578 768 654 quamvis
784 580 869 654 longo

119 661 231 720 ambitu
254 660 491 717 circumduceret
511 676 627 734 agmen.
667 655 715 713 Ea
736 655 812 713 verb
824 656 870 713 ria

86 760 89 765 ·
120 735 327 811 insuperabilis
341 736 405 794 fuit.
435 740 516 795 Nam
528 734 621 811 qudm
635 752 726 810 super
740 744 871 792 veterem

119 818 221 875 nivem
242 816 381 874 intactam
401 834 475 873 nova
495 816 620 873 modica
643 812 808 873 altitudinis
829 832 871 871 es·

119 908 180 956 set:
196 893 277 953 molli
292 912 346 952 nec
357 897 487 968 praealtae
501 894 561 950 nivi
574 892 658 950 facile
672 894 767 967 pedes
776 891 873 968 ingre·
920 918 922 993 1

120 976 266 1034 clientium
285 972 462 1031 insistebant.
504 974 547 1029 Ut
567 971 636 1029 verb
655 982 696 1029 tot
715 972 873 1029 hominum

119 1056 385 1134 jumentorumque
405 1051 519 1108 incessu
539 1050 651 1123 dilapsa
670 1060 725 1117 est,
746 1068 804 1123 per
819 1069 873 1107 nu-

122 1136 191 1192 dam
203 1129 280 1188 infrd
295 1130 430 1207 glaciem,
444 1129 645 1204 fluentemque
657 1131 757 1185 tabem
781 1128 872 1204 lique-

122 1210 232 1269 scentia
249 1209 326 1266 nivis
349 1208 592 1283 ingrediebantur.
633 1206 724 1263 Tetra
745 1205 790 1265 ibi
810 1212 873 1265 luc-

121 1289 194 1347 tatio
214 1299 275 1345 erat
295 1297 329 1343 ut
342 1286 360 1343 a
373 1287 486 1345 lubrica
507 1287 609 1361 glacie,
628 1302 687 1341 non
709 1285 873 1359 recipiente

122 1366 293 1441 vestigium,
305 1376 335 1421 et
347 1364 376 1420 in
391 1383 485 1438 prono
498 1363 588 1421 citids
601 1366 674 1437 pede
695 1382 727 1421 se
742 1364 872 1433 fallente,

122 1456 153 1503 et
166 1463 218 1501 seu
231 1443 367 1500 manibus
380 1442 408 1497 in
420 1445 610 1518 assurgendo,
620 1460 671 1500 seu
685 1460 768 1517 genu
782 1462 814 1501 se
825 1446 872 1501 ad·

121 1520 355 1601 juvissent,ipsis
368 1522 555 1579 adminiculis
569 1524 705 1597 prolapsi,
720 1521 746 1578 si
760 1520 871 1581 iterdm

123 1601 312 1669 corruissent,
335 1616 391 1656 nec
420 1600 527 1675 stirpes
551 1598 629 1657 circei
651 1600 815 1670 radicesue,
838 1603 872 1659 ad

124 1699 197 1757 quas
216 1683 291 1753 pede
310 1690 359 1736 aut
381 1696 473 1735 manu
493 1679 647 1754 quisquam
669 1680 741 1737 eniti
763 1678 870 1755 posset,
920 1718 921 1731 ,

125 1770 216 1819 erant.
237 1760 283 1817 ltai
295 1758 389 1815 inlevi
403 1756 517 1814 tantdm
527 1757 628 1833 glacie,
638 1757 797 1833 tabidaque
806 1759 871 1817 nire
920 1760 921 1763 ’

124 1841 326 1897 volutabantur
355 1838 506 1913 jumenta=
541 1839 675 1893 secabant
709 1836 870 1907 interddm,

125 1919 214 1975 etiam
223 1915 289 1974 nim
298 1915 430 1972 infimam
440 1915 635 1991 ingredientia
646 1914 756 1985 nivem,
763 1928 796 1973 et
805 1936 870 1992 pm·

125 1999 207 2068 lapsa
220 1994 364 2068 jactandis
377 1993 499 2070 gravida
516 1994 546 2049 in
555 1992 729 2051 continendo
741 1996 871 2070 ungulis,

126 2070 244 2147 penitus
257 2072 493 2145 perfringebant:
514 2084 546 2128 ut
567 2076 706 2145 pleraque
726 2076 810 2131 velut
823 2092 871 2151 pe-

125 2150 190 2207 dica
203 2157 288 2225 capta
301 2151 449 2207 haererent
461 2150 490 2207 in
504 2151 606 2208 durata
619 2161 649 2207 et
662 2148 718 2209 alte
731 2157 871 2211 concreti

130 2227 234 2305 glacie.

166 2307 303 2364 Tandem
316 2324 354 2365 ne
374 2305 536 2385 quicquam
556 2307 700 2386 jumentis
718 2320 811 2385 atque
825 2312 872 2369 ho·

126 2384 255 2443 minibus
267 2384 405 2461 fatigatis,
418 2398 513 2444 castra
523 2388 551 2443 in
564 2388 638 2464 jugo
648 2388 763 2462 posita;
778 2408 872 2469 aeger·
919 2442 920 2447 ,

128 2462 203 2521 rime
222 2464 258 2519 ad
271 2464 401 2539 idipsum
422 2468 487 2521 loco
501 2479 643 2542 purgato:
665 2466 783 2525 tantdm
797 2472 871 2531 nivis

128 2542 296 2600 fodiendum
310 2555 398 2619 atque
412 2546 591 2617 egerendum
606 2542 667 2602 fuit.
689 2546 761 2604 lnde
775 2552 814 2606 ad
828 2568 874 2607 ru·
919 2552 920 2555 ’

127 2640 197 2697 pem
210 2622 411 2689 muniendam,
425 2640 578 2697 perquam
588 2640 678 2681 unam
686 2624 733 2681 vie
742 2644 812 2685 esse
826 2646 872 2703 po·
919 2636 920 2685 l

67 2725 70 2732 ·
127 2711 210 2767 terat,
235 2698 343 2760 milites
368 2700 458 2769 ducti,
484 2699 578 2775 qudm
606 2704 777 2761 cedendum
797 2719 873 2764 esset
919 2724 920 2733 ¹

129 2779 246 2844 saxum,
272 2778 422 2835 arboribus
447 2779 526 2835 circel
549 2780 728 2838 immanibus
748 2784 873 2861 dejectis

129 2854 374 2929 detruncatisque,
399 2869 514 2912 struem
542 2858 695 2936 ingentem
722 2860 872 2937 lignorum
919 2868 920 2927 i

17 3158 142 3219 ἢ
