1875 3267
412 241 477 297 249

55 381 141 447 mitti
155 385 297 460 placebat
339 385 405 443 Nec
417 394 519 442 tamen
538 403 627 459 quern
647 388 810 458 mitterent,

57 464 132 520 satis
147 465 306 530 constabat,
329 461 420 538 quim
441 461 524 528 illud,
544 464 595 521 ubi
617 467 674 523 duo
697 465 813 524 summi-

56 542 259 616 imperatores
267 542 347 600 intra·
357 543 419 600 dies
432 538 751 618 trigintacecidissent,
760 545 811 619 qui

57 619 209 678 inlocum
229 621 358 678 duorum
379 622 563 689 succederet,
581 622 813 682 extraordinarii

58 703 136 756 cura
150 697 342 775 deligendum
356 717 430 758 esse.
469 697 574 768 Quum
587 700 636 758 alii
656 702 747 758 alium
760 721 814 760 no·

58 778 222 846 minarent,
234 776 420 854 postremum
434 776 470 834 ed
480 778 641 835 decursum
654 791 709 847 est,
717 792 749 836 ut
762 799 814 854 po·

59 859 153 930 pulus
167 855 332 930 proconsuli
352 857 478 912 creando
490 855 522 913 in
535 856 709 932 Hispaniam
722 857 814 915 comi·

61 934 103 994 ua
116 937 256 992 haberet=
271 935 409 1008 diemque
425 934 553 992 comitiis
562 938 698 992 consules
712 934 813 994 edixe-

62 1025 145 1074 runt.
185 1010 287 1070 Primo
301 1025 550 1086 exspectaverant,
564 1024 598 1070 ut
618 1012 715 1086 quise
734 1023 814 1075 tanto

61 1091 193 1166 imperio
205 1091 311 1166 dignos
334 1093 497 1156 crederent,
510 1093 629 1150 nomina
642 1091 814 1166 profiteren-

61 1176 124 1232 tur:
143 1169 215 1241 Quae
228 1181 262 1228 ut
269 1170 410 1228 destituta
417 1170 599 1243 exspectatio
610 1182 673 1238 est;
688 1171 816 1228 redinte-

64 1244 167 1325 gratus
188 1253 286 1308 luctus
311 1259 440 1324 acceptae
465 1249 564 1316 cladis,
584 1249 814 1322 desiderumque

62 1329 278 1402 imperatorum
292 1325 481 1386 amissorum.
508 1328 617 1385 Moesta
630 1326 731 1402 itaque
744 1326 815 1385 civi·

62 1416 118 1474 tas,
131 1404 223 1480 prope
231 1406 316 1480 inops
327 1405 449 1471 consilii,
460 1405 648 1464 comitiorum
658 1407 814 1464 dictamen

62 1486 97 1544 in
117 1504 257 1560 campum
277 1487 445 1543 descendit:
467 1496 553 1560 atque
573 1485 605 1543 in
625 1486 815 1561 magistratus

63 1564 143 1624 versi
156 1564 403 1638 circumspectant
423 1582 475 1621 ora
494 1562 672 1639 principum,
687 1563 814 1622 aliorum

63 1643 137 1704 alios
156 1641 344 1710 intuentium,
361 1641 561 1715 fremuntque,
588 1640 662 1698 aded
687 1641 815 1714 perditas

64 1741 124 1791 res,
137 1723 384 1795 desperatumque
396 1721 432 1776 de
453 1717 605 1793 republica
619 1738 694 1787 esse,
714 1732 747 1775 ut
761 1736 815 1776 ne·

63 1819 117 1864 mo
137 1801 240 1860 audeat
252 1798 283 1856 in
296 1799 472 1872 Hispaniam
485 1797 646 1872 imperium
668 1795 813 1870 accipere.

65 1877 169 1948 Quum
183 1877 330 1936 subitoP.
343 1877 509 1935 Cornelius
529 1873 695 1965 Publiiqui·
700 1874 731 1931 in
744 1873 815 1932 His-

64 1957 152 2033 panis
172 1957 318 2014 ceciderat
337 1955 426 2026 iilius,
445 1965 573 2030 quatuor
592 1952 698 2028 viginti
718 1950 815 2012 ferme

65 2054 156 2098 annos
170 2045 263 2102 natus,
283 2033 434 2110 professus
449 2053 480 2090 se
492 2042 603 2108 petere,
616 2031 646 2088 in
660 2030 813 2107 superiore

65 2113 142 2174 unde
156 2114 286 2188 conspici
300 2124 399 2203 posset
412 2115 479 2172 loco
496 2111 634 2168 constitit
676 2113 711 2168 ln
723 2129 815 2186 quem

65 2193 224 2270 postquam
237 2193 373 2250 omnium
386 2211 437 2250 ora
447 2208 587 2251 conversa
600 2200 678 2258 sunt,
687 2193 816 2248 clamore

66 2292 99 2330 ac
114 2272 211 2328 favore
231 2270 353 2330 ominati
374 2268 527 2343 extemplo
547 2279 624 2335 sunt,
644 2266 716 2326 felix
736 2267 815 2326 faus·

66 2361 190 2426 tumque
204 2348 376 2424 imperium.
416 2348 496 2406 Jussi
508 2345 632 2404 deiudd'
625 2348 699 2405 mire
713 2345 815 2404 confu-

68 2447 135 2487 sum
152 2427 338 2504 suffragium,
358 2429 393 2486 ad
406 2445 503 2484 unum
516 2443 623 2483 omues
635 2444 692 2482 non
712 2435 814 2482 centu·

66 2506 119 2566 riae
134 2509 233 2575 mod0,
248 2509 298 2564 sed
313 2506 402 2564 etiam
415 2505 608 2570 homines‚P.
615 2501 764 2577 Scipioni'
757 2520 814 2558 1m·

66 2585 184 2661 perium
198 2604 262 2644 esse
276 2584 307 2642 in
322 2583 466 2673 Hispani&
478 2584 638 2671 jusserunt.
658 2577 814 2667 Caeterum

66 2676 132 2740 post
143 2683 207 2722 rem
221 2673 325 2732 actam,
336 2672 369 2720 ut
379 2663 443 2738 jam
453 2659 619 2732 resederat
613 2669 741 2734 impetus
754 2656 814 2712 ani

66 2762 189 2806 morum
209 2743 365 2817 ardorque,
383 2738 536 2799 silentium
556 2727 651 2799 subito
669 2745 772 2796 ortum
784 2743 814 2792 et
