1875 3267
425 272 486 326 245

74 418 147 494 qud,
160 436 220 476 uon
233 415 345 477 firrtim.
355 415 411 472 sed
426 415 455 472 vi
470 417 581 490 aperti,
595 419 752 494 gerebatur
764 433 825 481 res;

75 497 192 574 quippe
206 497 241 554 ad
265 496 414 570 Epipolas,
426 494 611 571 frequentem
626 495 767 552 custodiis
785 498 825 552 lo·

77 595 163 644 cum,
188 587 362 650 perventum
390 584 474 630 erat:
509 573 693 648 terrendique
725 573 824 648 magis

79 657 182 713 hostes
196 663 287 723 erant,
301 653 391 727 quaint
403 652 519 709 fallendi
531 674 538 719 ;
554 653 630 710 sicut
641 651 733 709 territi
746 663 823 708 sunt.

79 734 164 792 Nam
179 733 268 789 simul
295 747 328 789 ac
348 733 484 788 tubarum
501 742 545 788 est
571 730 685 789 auditos
712 739 823 799 cautus,

79 815 254 884 clamorque
268 810 433 868 tenentium
447 829 559 877 muros,
583 821 755 884 partemque
774 826 824 866 ur·

79 889 126 946 bis
142 912 150 956 ;
172 886 270 946 omnia
284 887 376 945 teneri
393 890 529 945 custodes
543 889 607 953 rati,
618 887 665 945 alii
679 903 732 961 per
758 905 823 944 rnu-

78 986 149 1026 rum
160 966 272 1041 sugere,
282 965 330 1022 alii
340 965 425 1022 salire
435 969 471 1023 de
481 985 576 1025 muro.
589 963 824 1040 praeeipitarique
890 971 896 982 '

78 1047 168 1102 turba
182 1045 360 1119 paventium.
394 1043 507 1120 Magna
520 1063 587 1119 pars
608 1057 710 1101 tamen
721 1041 824 1118 ignara

77 1124 153 1180 tanti
165 1122 236 1180 mali
257 1135 353 1191 erant;
381 1133 410 1179 et
433 1123 561 1198 gravatis
592 1122 729 1186 omnibus
756 1122 825 1178 vino

78 1221 254 1275 somnoque,
266 1212 294 1256 et
306 1200 334 1256 iu
350 1213 438 1259 vastae
455 1200 663 1276 magnitudinis
672 1202 753 1267 urbe,
759 1215 825 1270 par·

78 1281 157 1337 tium
172 1297 258 1336 sensu
269 1297 324 1335 non
339 1280 408 1335 sutis
421 1281 584 1352 pertinente
597 1280 626 1336 in
639 1277 748 1336 omnia.
762 1276 823 1334 Sub

79 1360 147 1416 luce
176 1357 330 1431 Hexapylo
351 1360 481 1426 ell'racto,
503 1352 669 1416 Marcellus¹
686 1358 824 1414 omnibus

77 1437 171 1510 copiis
181 1439 283 1494 urbem
297 1434 457 1511 ingressus,
467 1435 605 1493 excitavit
621 1435 822 1510 convertitque

79 1533 185 1572 omnes
206 1516 241 1572 ad
264 1531 345 1571 anua
358 1514 507 1588 capienda,
521 1531 677 1590 opemque,
691 1514 820 1591 siquam

78 1603 209 1666 possent,
219 1593 283 1669 j'aru
296 1603 388 1667 eaptae
405 1591 495 1666 prope
509 1593 572 1649 urbi
587 1592 747 1649 ferendam.
781 1591 823 1647 E·
886 1647 888 1651 .

78 1670 211 1746 picydes,
224 1674 259 1728 ab
281 1673 390 1739 Insula,
402 1689 492 1744 quum
516 1670 572 1741 ipsi
595 1671 696 1726 Nason
709 1678 823 1734 vocant,

78 1749 167 1806 citato
191 1747 337 1824 proiectus
362 1748 498 1823 agruiue3
528 1749 604 1805 haud
624 1746 732 1803 dubius
750 1745 822 1822 quin

77 1845 198 1902 paucoS,
206 1843 259 1900 per
270 1825 485 1902 negligentiam
495 1827 651 1882 custodum
660 1835 823 1898 transgres-

75 1925 125 1962 sos
139 1924 260 1963 murum
281 1907 462 1980 expulsurus
483 1903 575 1972 foret3
597 1902 819 1959 occurrentibus

77 1985 202 2058 pavidis,
210 1985 370 2042 tumultum
381 2001 416 2040 au
421 2001 491 2058 gere
501 2001 561 2048 eos,
569 1980 711 2050 dictitans,
722 1992 751 2038 et
759 2001 821 2038 ma·

74 2061 144 2139 jora
166 2083 200 2121 ae
228 2061 401 2119 terribiliora
428 2079 497 2117 vem
519 2061 641 2129 offerre3
663 2058 820 2136 postqurirn

76 2140 232 2214 conspexit
245 2141 343 2198 omnia
362 2137 442 2197 circu
465 2139 604 2214 Epipolas
627 2138 718 2196 armis
740 2157 822 2195 corn·

75 2222 164 2293 pleta,
178 2221 312 2277 lacessito
322 2230 435 2276 tautum
449 2217 532 2275 lroste
542 2219 643 2293 paucis
651 2216 820 2296 missilibus¹

75 2297 156 2355 retrd
176 2298 206 2356 in
233 2297 431 2356 Achradinam
446 2314 555 2370 agmen
580 2296 739 2354 convertitz
759 2313 818 2352 nou

74 2379 140 2434 tim
164 2378 225 2434 vim
241 2375 515 2448 multitudinemque
528 2373 659 2431 hostium
674 2385 819 2439 metuens,

75 2453 168 2530 quim
187 2474 224 2512 ne
244 2473 302 2531 qua
314 2455 448 2511 intestina
466 2453 548 2510 fratrs
566 2457 620 2525 per
632 2451 817 2510 occasionem

73 2531 818 2608 or·iretur,claususqueintertumultumArchradinae

72 2621 162 2686 atque
187 2615 295 2670 lnsulae
316 2611 460 2668 inveniret
476 2619 582 2683 portas.
604 2609 764 2665 Marcellus
785 2618 819 2666 ut

72 2691 185 2748 moenia
196 2688 356 2762 ingressus,
365 2709 401 2746 ex
412 2687 612 2760 superioribus
622 2687 695 2743 locis
704 2688 820 2753 urbem,

71 2769 213 2828 omnium
225 2767 319 2828 ferme
332 2769 382 2826 itta
395 2775 568 2838 tempestate
579 2764 819 2842 pulcherrimam

428 2850 486 2900 κθ
