1875 3267
423 223 484 279 201

75 364 251 441 anpphcum
260 366 501 450 precrbus,quam
510 386 562 445 spe
571 367 823 429 invadendritahae

71 444 199 518 imperii
211 448 364 517 adductus,
383 459 541 506 venturum
556 467 587 505 se
600 467 669 507 cum
686 449 823 507 exercitu

78 524 242 611 pollicetur.
283 529 317 583 In
341 545 430 617 quarn
452 546 517 584 rern
539 526 711 585 inclinatum
728 526 824 585 semei

77 601 214 661 animum
236 606 423 680 praecipitem
446 624 535 681 agere
552 617 697 679 coeperant
719 624 824 665 exem

76 682 128 754 pla
152 701 212 758 ma
214 702 325 740 orum
352 703 389 741 ne
415 695 467 742 aut
493 683 616 742 inferior
640 688 743 758 patruo
769 700 823 742 suo

77 759 252 819 Alexandro
277 762 436 832 videretur,
465 782 526 837 qno
557 764 711 821 defensore
732 762 823 823 iidem

77 838 235 927 Tarentini
249 840 391 899 adversds
405 843 545 900 Brutios²
568 843 614 900 usi
626 841 761 909 ¹fuerant;
775 851 825 899 aut

75 914 212 974 minores
226 920 340 977 animos
356 924 524 979 Alexandro
540 922 654 1011 Magno
668 920 801 977 habuisse
816 958 825 989 ‚

78 994 132 1080 qui
150 1007 212 1053 tarn
226 998 343 1072 longa
329 1019 345 1055 a
359 1000 446 1056 domo
455 1000 559 1057 militia
574 998 731 1059 Orientem
742 1000 827 1055 sube-

14 1073 15 1076 ’
79 1068 136 1151 git
177 1075 273 1154 Igitur
285 1078 388 1134 relicto
407 1080 527 1136 custode
547 1077 632 1154 regni
650 1076 710 1135 filio
731 1078 828 1135 Ptole-

78 1173 164 1212 maeo
189 1170 281 1211 annos
305 1175 347 1211 xv
385 1166 462 1221 nato,
488 1158 654 1217 exercitum
685 1154 717 1211 in
739 1165 828 1229 portu

14 1282 15 1287 ,
78 1234 245 1291 Tarentino
280 1233 411 1307 exponit,
446 1235 561 1293 duobus
595 1234 728 1307 parvulis
758 1230 828 1291 filiis

76 1313 252 1372 Alexandro
272 1322 301 1369 ct
321 1316 438 1371 Heleno
467 1312 499 1369 in
526 1312 626 1372 solatia
653 1312 732 1370 loner
705 1328 829 1389 grnquae
889 1348 892 1353 ,

77 1409 187 1449 secum
207 1392 404 1465 expeditionis
424 1392 565 1449 adductis·
606 1385 703 1482 Cujus
726 1390 829 1449 audito

75 1471 216 1539 adventu,
237 1471 348 1529 Consul
359 1472 511 1529 Romanus
519 1470 658 1529 Valerius
667 1470 826 1539 Laevinus,

75 1548 221 1606 festinans
247 1560 280 1605 ut
307 1547 391 1623 priris
418 1568 490 1607 cum
522 1569 558 1607 eo
586 1550 828 1625 congrederetnn

79 1626 176 1700 qudm
192 1625 464 1685 auxilia-sociorum
492 1627 692 1695 convenirent,
713 1626 828 1685 exerci-

77 1715 148 1762 tum
159 1704 190 1760 in
199 1704 262 1763 acie
273 1706 378 1775 educit.
413 1708 490 1765 ¹Nec
499 1724 562 1775 rex,
574 1705 691 1765 tametsi
703 1722 830 1763 numero

78 1783 215 1861 militurn
249 1783 369 1840 inferior
402 1795 490 1851 esset,
530 1784 684 1843 certamini
712 1802 837 1841 moram-

78 1863 160 1921 fecit.
184 1864 243 1921 Sed
256 1862 407 1919 Romanos
416 1863 568 1919 vincentes
592 1863 667 1939 jam,'
690 1860 828 1923 inusitata

78 1952 150 1999 ante
161 1944 387 2017 elephantorum
398 1940 529 1997 format
504 1950 529 1997 st
531 1958 621 2014 upere
631 1939 742 2031 primo,
756 1958 828 1998 mox

79 2022 189 2079 cedere
203 2020 306 2096 praelio
320 2019 445 2097 coegit3
472 2019 656 2094 victoresque
675 2020 741 2097 jam
754 2031 828 2078 nova

80 2100 285 2157 Macedonum
298 2111 432 2156 monstra
446 2097 567 2172 repent&
581 2098 724 2169 vicerunt.
761 2096 828 2161 Nec

81 2176 236 2234 hostibus’
229 2187 384 2235 rncruenta
399 2178 522 2235 victoria
543 2176 606 2245 suit,
626 2196 696 2234 nam
723 2177 829 2249 etipse
874 2192 877 2200 ·

83 2256 218 2327 Pyrrhus
244 2258 373 2348 graviter
395 2258 527 2314 vulnerat
516 2266 564 2313 tus
580 2264 634 2326 est,
661 2266 691 2314 et
718 2274 829 2329 magna

83 2351 155 2409 pars
165 2333 333 2391 militum
308 2354 476 2432 eJuscaesa
487 2336 693 2409 majoremque
704 2334 830 2411 gloriam

85 2410 154 2489 ejus
166 2412 305 2481 victoriae,
330 2411 420 2487 ιιιιιιιιι
432 2413 567 2471 laetitiam
582 2414 688 2473 habuit‘.
729 2412 830 2489 Hujus

84 2504 198 2566 pugnae
225 2502 362 2572 eventum
396 2494 500 2550 multae
533 2491 664 2548 civitates
695 2501 830 2560 secntae,

82 2605 824 2639 o--n-——a--u--A—-w-m-n—-ss-

100 2672 135 2704 ¹
151 2673 268 2731 Brutios,
283 2674 404 2742 apeople
414 2674 447 2726 οι
456 2678 541 2727 Great
554 2656 657 2726 Greeoe
675 2687 708 2724 on
720 2673 766 2722 the
779 2672 830 2722 Ct-

85 2737 268 2791 labrianside
