1875 3267
459 332 523 392 296

118 477 218 538 clarati
235 479 362 538 Publius
385 477 488 555 Scipio
509 479 629 549 Nasica,
642 477 759 537 Lurius
771 478 875 537 Bestia

119 558 320 633 Calpurnius:
353 559 515 632 Calpurnio
546 551 703 627 Numidia,
737 557 874 631 Scipioni

118 637 202 696 Italia
215 637 340 694 obvenit.
363 637 441 695 Dein
454 638 615 706 exercitus,
628 638 721 712 quiin
732 636 874 695 Africam

117 727 292 788 portaretur,
306 715 453 785 scribitur,
466 717 648 791 stipendium
660 717 791 790 aliaque,
805 735 873 792 qnae

116 797 193 852 bello
206 796 272 852 usui
286 793 390 863 forent,
402 796 611 854 decernuntur.

158 879 201 932 At
212 875 369 950 Jugurtha,
382 873 486 932 contra
500 893 587 950 spem
601 875 713 932 nuncio
735 883 874 947 accepto,

118 951 243 1030 (quippe
268 953 316 1010 cui
340 953 443 1012 Romae
466 955 566 1012 omnia
585 953 693 1020 venire,
712 954 746 1010 in
767 951 875 1010 animo
919 956 923 1016 1

117 1030 260 1108 haeserat)
273 1031 379 1092 filium,
389 1042 419 1088 et
432 1050 502 1090 curn
518 1051 554 1089 eo
564 1034 638 1090 duos
652 1031 820 1090 familiares
837 1034 875 1088 ad
922 1030 923 1037 ’

118 1122 253 1169 senatum
275 1113 386 1184 legatos
400 1110 492 1168 mittit
508 1133 517 1177 ;
539 1112 644 1186 iisque,
657 1113 701 1169 uti
720 1110 786 1167 illis
800 1129 875 1185 quos

118 1189 292 1263 Hiempsale
304 1189 457 1246 interfecto
471 1190 600 1258 miserat,
609 1188 756 1264 praecipit,
764 1207 875 1246 omnes
922 1230 923 1233 η

117 1272 257 1334 mortales
267 1269 393 1341 pecuniis
404 1269 621 1344 adgrediamur.
636 1269 697 1340 Qui
706 1267 872 1343 postqudm

119 1348 247 1404 Romam
260 1348 460 1414 adventabant,
475 1362 594 1405 senatus
608 1347 624 1404 d
636 1349 739 1407 Bestia
754 1349 874 1410 consui-

118 1437 166 1484 tus
179 1435 232 1490 est,
251 1428 380 1498 placeret
400 1444 438 1482 ne
461 1429 575 1500 legatos
597 1428 757 1503 Jugurthae
773 1426 872 1501 recipi

118 1505 266 1562 moenibus
278 1524 285 1558 ι
299 1501 378 1576 iique
389 1506 558 1570 decrevere,
567 1503 599 1562 ni
607 1523 748 1581 regnum,
756 1505 873 1578 ipsum·

118 1602 174 1658 que
189 1583 322 1642 deditum
337 1582 495 1649 venissent,
518 1585 562 1641 uti
583 1583 614 1640 in
637 1586 743 1642 diebus
771 1585 873 1657 proxi·

119 1664 177 1719 mis
190 1665 296 1720 decem
310 1660 396 1718 Italia
409 1664 593 1720 decederent.
626 1664 739 1720 Consul
760 1661 872 1720 Numi-
921 1648 923 1803 p

118 1741 164 1800 dis
178 1762 215 1798 ex
232 1743 349 1799 senatus
363 1740 483 1800 decreto
496 1739 743 1818 nunciarijubet5
762 1740 818 1811 ita,
830 1741 872 1798 in·

119 1819 205 1878 fectis
221 1823 317 1889 rebus,
332 1817 376 1878 illi
397 1819 522 1878 domum
544 1819 698 1878 discedunt
713 1861 871 1879 ......
920 1852 921 1881 r

119 1919 126 1935 ·
149 1938 654 1957 ..................
677 1900 871 1957 ·.Snciuset
920 1910 922 1945 t

119 1974 292 2034 administer
317 1975 453 2036 omnium
480 1964 672 2037 consiliorum
698 1979 872 2037 adsumitur
920 1950 922 1998 l

119 2058 251 2112 Scaurus
266 2078 274 2123 ;
296 2055 356 2130 qui,
371 2056 488 2114 tametsi
510 2078 524 2112 a
548 2055 704 2130 principio,
716 2057 872 2134 plerisque

119 2153 157 2192 ex
173 2133 297 2190 factione
321 2134 387 2210 ejus
409 2135 567 2209 corruptis,
588 2135 737 2194 acerrime
763 2155 872 2214 regem
919 2132 921 2189 l

118 2213 355 2288 impugnaverat,
379 2223 480 2272 tamen
499 2213 702 2291 magnitudine
722 2214 873 2290 pecuniae,
918 2240 919 2243 ¹

119 2290 136 2348 d
156 2294 231 2348 bono
246 2293 426 2366 honestoque
440 2293 470 2350 in
493 2310 618 2366 pravum
637 2296 807 2352 abstractus
820 2307 871 2353 est
918 2324 920 2384 p

119 2371 178 2428 Sed
191 2372 207 2428 J
210 2372 340 2443 ugurtha
354 2369 489 2446 primum
503 2372 709 2430 tantummodo
722 2374 795 2431 belli
808 2393 871 2432 mo·

119 2469 185 2508 ram
196 2449 365 2516 redimebat,
375 2450 550 2508 existimans
556 2470 621 2508 sese
631 2451 742 2524 aliquid
750 2449 872 2511 interim

119 2531 226 2586 Romae
239 2527 334 2602 pretio
355 2539 404 2585 aut
424 2530 518 2604 gratia
542 2530 746 2590 effecturum:
767 2531 872 2606 posted

119 2604 190 2663 verd
204 2609 298 2678 quam
322 2606 497 2680 participem
519 2607 631 2682 negotii
654 2611 808 2668 Scaurum
825 2631 871 2669 ac·
916 2612 917 2649 ²

118 2683 219 2755 cepit;
244 2681 272 2738 in
288 2684 450 2742 maximam
466 2702 552 2758 spem
575 2688 723 2744 adductus
747 2707 870 2763 recupe-
916 2732 918 2769 Ι

116 2763 217 2817 randae
231 2762 319 2832 pacis,
333 2761 435 2817 statuit
447 2764 572 2820 cumeis
592 2767 628 2822 de
640 2767 795 2825 Omnibus
808 2787 872 2842 pac·
915 2830 916 2839 χ

117 2835 246 2895 tionibus
258 2857 390 2918 praeseus
403 2857 503 2919 agere·
518 2843 662 2907 Ceterum
668 2844 795 2916 interea,
805 2847 869 2908 fidei
915 2912 917 2961 Ι
