1875 3267
440 318 482 373 56

94 463 173 541 plius
186 478 288 539 regem
307 462 400 538 quarn
410 458 491 522 mille
505 462 620 536 equites
634 464 851 541 sequebantur,

93 562 202 633 quum·
213 542 318 618 ingens
347 542 504 601 multitudo
540 540 673 601 hostium
706 543 849 601 caderet:

93 624 145 680 sed
155 621 231 697 quis,
240 632 290 679 aut
300 621 329 677 in
339 620 462 679 victoria
474 630 526 681 aut
538 620 569 677 in
581 619 666 697 fuga,
676 620 781 709 copias
792 640 852 679 nu-

95 711 215 758 merat.
207 699 218 738 ?
250 701 425 776 Agebantur
438 718 511 776 ergo
525 698 617 757 atam
630 696 737 773 paucis
760 715 853 773 peco·
925 705 928 728 ¹

94 797 162 837 rum
176 780 274 849 modo,
294 790 323 836 et
337 778 416 849 idern
425 789 524 837 metus
537 776 589 855 qui
604 780 732 855 cogebat
741 776 850 856 fugere

96 857 245 935 fugientes
255 854 432 917 morabatur.

427 1056 507 1089 ’.Ρ-ΕΞ

263 1210 554 1287 NARRA'PION¹
570 1210 667 1273 XVI.
706 1282 709 1319 Ι

98 1386 101 1395 ·
127 1369 193 1429 The
228 1367 314 1427 noble
346 1366 475 1427 conduct
499 1364 539 1449 cf
561 1365 740 1429 Alexander
780 1382 827 1432 to·

158 1471 265 1531 words
281 1472 331 1531 tlte
348 1469 530 1531 Prirzcesses
545 1472 595 1532 lrz‘c
605 1473 787 1555 prisonere.

239 1623 328 1689 (Ano.
349 1626 422 1677 nist.
440 1628 475 1692 Q.
496 1629 559 1679 Cur.
571 1628 640 1679 book
657 1628 690 1697 3)

138 1788 341 1845 Araxum
355 1784 445 1875 justis
458 1740 662 1844 defunctorurn
671 1791 849 1870 corporibus
937 1773 938 1824 i

100 1866 211 1934 solutis,
224 1864 378 1956 praenrittit
392 1866 443 1922 ad
440 1864 588 1939 captivas,
601 1867 652 1955 qui
665 1868 846 1931 nunciarent

100 1943 199 2019 ipsum
225 1945 345 2012 ιειιιιε;
367 1942 547 2019 inhibitaque
561 1944 767 2005 comitantium
782 1960 847 2009 tur·

99 2026 147 2093 ba,
166 2022 386 2080 tabernaculum
407 2041 477 2079 cum
507 2024 718 2097 Hephaestione
745 2026 846 2088 intrat.

101 2103 131 2158 Is
144 2099 231 2178 long&
244 2100 379 2158 omnium
400 2102 564 2160 amicorum
585 2103 757 2161 carissimus
779 2120 846 2168 erat

98 2180 175 2257 regi,
189 2199 258 2238 cum
271 2180 335 2255 ipso
357 2179 465 2252 pariter
485 2182 637 2251 educatus,
659 2194 849 2246 secretorum

102 2259 237 2318 omnium
251 2259 376 2317 arbiter.
398 2257 539 2317 libertatis
552 2278 669 2336 quoque
690 2264 721 2319 in
742 2266 849 2323 admo·

101 2340 198 2395 nendo
219 2358 254 2397 eo
267 2357 324 2397 non
343 2339 434 2396 alius'
424 2358 479 2429 Jus
480 2340 629 2409 habebat;
651 2342 730 2415 quod
744 2350 850 2403 tamen

99 2418 140 2474 ita
151 2421 326 2518 usurpabat,
347 2429 380 2476 ιιι
401 2416 498 2495 magis
522 2438 538 2473 ιι
559 2436 630 2495 rege
654 2420 850 2495 permissum,

103 2495 196 2575 quarn
211 2499 392 2556 vindicatum
407 2500 442 2556 ab
455 2517 491 2554 eo
510 2497 666 2556 videretur.
706 2500 745 2556 Et
768 2501 849 2560 sicut

107 2588 193 2638 aetate
207 2589 335 2654 parerat
341 2579 423 2655 regi,
436 2577 476 2635 ita
489 2576 620 2651 corporis
640 2576 741 2635 habitu
766 2597 850 2653 prae-

103 2660 217 2716 stabat:
240 2676 312 2734 ergo
327 2656 436 2734 roginae
450 2656 535 2712 illum
546 2672 651 2730 regem
674 2674 740 2713 esse
762 2668 849 2728 ratae,

104 2754 158 2792 suo
177 2752 260 2793 more
286 2747 431 2793 veneratae
453 2744 538 2801 sunt;
559 2732 626 2789 inde
646 2752 685 2791 ex
710 2736 847 2808 spadoni·

103 2818 157 2873 bus
172 2813 297 2889 captivis
310 2814 378 2888 quis
390 2811 560 2871 Alexander
579 2821 659 2869 esset
678 2822 847 2872 monstrari·

928 1334 934 1582 ι
