1875 3267
470 291 514 347 46

128 439 220 497 ritus:
234 449 298 496 tum
312 437 464 512 epistolam
478 438 652 514 Philippum
663 439 765 516 legere
777 435 882 521 jubet,

127 538 215 577 ueca
235 518 318 576 vultu
337 517 462 594 legentis
482 519 576 574 movit
587 517 700 585 oculos,
723 517 809 573 ratris
822 515 882 573 ali·

129 615 201 671 quas
212 596 401 663 conscientie
425 606 507 652 notas
527 597 556 654 in
577 594 641 670 ipso
652 614 704 652 ore
719 612 810 670 posse
822 596 882 652 de·

127 676 318 747 prehendere.
359 676 423 743 Ille,
443 671 567 747 epistolii
582 675 724 748 perlecta,
745 672 839 747 plus'
830 690 882 731 m·

126 754 304 830 dignationis
317 752 407 828 quim
426 754 542 828 pavoris
561 752 697 820 ostendit,
714 750 881 829 projectis-

128 850 186 907 que
199 832 326 890 amiculo
340 843 370 888 et
381 830 487 889 litteris
508 843 574 890 ante
587 835 714 889 lectum:
737 832 816 898 Rex,
829 830 881 887 in-

128 910 202 986 quit,
229 928 346 985 semper
372 910 492 984 quidem
519 911 638 984 spiritus
663 926 750 967 meus
775 927 816 966 ex
843 921 878 966 te

128 991 276 1065 pependit,
291 991 342 1049 sed
354 1007 432 1046 nunc
444 988 524 1058 vere,
529 990 667 1055 arbitror,
677 1005 762 1045 sacro
775 998 809 1043 et
822 1006 878 1045 ve-

127 1066 250 1127 nerabili
263 1088 314 1127 ore
327 1066 461 1125 trahitur.
486 1068 609 1125 Crimen
617 1065 777 1140 parricidii,
791 1066 877 1139 quod

128 1145 205 1205 mihi
216 1146 367 1224 objectum
384 1158 438 1214 est,
455 1157 505 1204 tua
518 1149 596 1203 salus
608 1144 716 1201 diluet:
737 1154 876 1203 servatus

126 1224 145 1284 d
170 1244 219 1283 me
238 1227 328 1283 vitam
350 1226 424 1282 mihi
448 1222 581 1292 dederis;
610 1241 664 1281 oro
690 1241 875 1297 quaesoque:

125 1305 292 1377 amissoque
306 1313 388 1361 metu
398 1312 498 1377 patere
505 1302 758 1360 medicamentum
772 1302 875 1359 conci-

127 1379 275 1455 pivenis3
297 1385 363 1439 laxa
383 1380 532 1453 paulisper
554 1383 703 1448 animum·
718 1398 808 1453 quem
828 1380 876 1437 in-

127 1459 303 1533 tempestiva
330 1456 524 1515 sollicitudine
544 1457 646 1527 amici,
666 1457 734 1515 sane
757 1458 875 1526 fideles»,

127 1538 179 1595 sed
202 1536 323 1595 moleste
349 1536 453 1604 seduli,
474 1540 599 1595 turbant.
639 1536 708 1594 Non
729 1555 876 1595 securum

95 1676 97 1681 ,
126 1614 215 1674 modo
236 1616 302 1675 haec
322 1632 389 1682 vox,
410 1617 463 1675 sed
483 1615 570 1673 etiam
583 1618 686 1673 laetum
708 1633 815 1691 regem
836 1634 874 1673 ac

126 1697 247 1771 plenum
260 1698 344 1753 bonae
358 1712 420 1769 sper
412 1694 512 1753 iecit
533 1695 644 1768 Itaque,
664 1692 874 1768 s1dii,1uquit,

126 1774 272 1850 Philippe,
284 1773 337 1832 tibi
350 1792 403 1849 per
405 1773 553 1831 misissent
567 1790 625 1846 quo
637 1771 768 1829 maxime
781 1776 874 1830 modo

126 1855 258 1913 animum
280 1856 369 1912 velles
387 1851 516 1943 experiri
535 1869 650 1919 meum,
667 1851 724 1908 alio
738 1849 874 1924 profecto

4 1978 5 2015 3
69 1970 72 1977 ·
125 1933 278 2002 voluisses,
290 1934 342 1988 sed
355 1932 513 1988 certiorem
526 1927 617 2003 quam
631 1939 774 2003 expertus
788 1949 874 1987 esne

127 2022 177 2084 opt
178 2030 257 2069 asses
266 2010 397 2083 quidem
418 2010 486 2067 Hac
495 2006 619 2082 epistola
628 2010 760 2081 accepta,
768 2020 873 2066 tamen

127 2090 207 2163 quod
221 2087 348 2145 dilueras
360 2085 439 2155 bibi3
460 2098 489 2143 et
501 2103 580 2143 nnnc
600 2087 688 2143 credo
701 2096 730 2142 te
743 2104 802 2157 non
815 2087 874 2145 mi-

127 2166 184 2223 nus
198 2184 251 2239 pro
263 2168 314 2223 tua
334 2164 401 2235 fide,
421 2163 513 2239 quam
532 2182 587 2239 pro
606 2167 676 2221 mea
697 2166 789 2223 salute
803 2184 872 2223 esse

128 2244 293 2303 sollicitum.
334 2244 410 2303 Haec
427 2246 570 2313 elocutus,
582 2244 719 2300 dextram
731 2244 872 2320 Philippo

127 2324 220 2381 offert.

166 2398 309 2459 Ceterum
318 2412 396 2461 tanta
409 2404 453 2461 vis
466 2399 671 2461 medicaminis
680 2401 745 2471 fuit,
758 2412 793 2460 ut
802 2420 872 2478 quae

127 2491 227 2539 secuta
239 2490 307 2539 sunt
319 2482 554 2540 criminationem
568 2478 774 2539 Parmenionis
788 2481 872 2559 adju·

126 2561 230 2619 verint.
209 2560 441 2631 tInterclusus
455 2558 575 2650 spiritus
587 2558 666 2617 arcte
680 2563 805 2630 meabat,
814 2578 871 2617 nec

127 2639 279 2713 Philippus
293 2626 454 2729 quidquam
476 2638 667 2710 inexpertum
679 2638 798 2695 omisit=
819 2636 871 2695 ille

128 2715 256 2774 fomenta
266 2732 382 2788 corpori
373 2716 536 2783 admovit;
550 2716 599 2771 ille
606 2726 773 2788 torpentem
790 2732 870 2773 nuuc

128 2792 186 2849 cihi
199 2811 278 2850 nunc
292 2793 352 2852 vini
372 2794 461 2850 odore
483 2791 643 2860 excitavit;
664 2803 750 2867 atque
763 2803 797 2849 ut
810 2794 869 2866 pri·
