1875 3267
456 210 496 262 82

101 365 150 414 tus
169 353 253 412 hasti
272 349 435 420 transfixit;
464 351 678 425 morientisque
703 349 856 426 sanguine

102 449 249 507 aspersus,
271 433 286 488 l
310 449 399 499 nune,
421 430 525 506 inquit,
554 432 591 489 ad
610 429 803 505 Philippum,
825 440 856 486 et

102 511 340 580 Parmenionem,
353 522 383 568 et
396 513 540 568 Attalum.

141 588 223 647 Male
249 590 386 648 humanis
407 589 535 665 ingeniis
559 597 665 645 natura
691 585 856 655 consuluit,

102 667 182 743 quod
191 669 375 744 plerumque,
388 685 447 726 non
455 667 561 736 flatura,
570 669 621 724 sed
628 676 777 725 transacta
784 684 855 742 per-

100 747 275 822 pendimus:
297 749 406 822 quippe
420 765 486 817 rex,
507 744 664 821 postquam
686 746 733 804 ira
749 755 855 802 mente

101 827 276 896 decesserat,
289 827 380 885 etiam
393 823 532 883 ebrietate
542 824 685 892 discussa,
698 825 855 900 magnitu-

101 905 202 963 dinem
214 905 350 964 facin'oris
370 907 437 962 sera
460 904 653 963 aestimatione
674 903 851 978 perspexit;

101 983 227 1055 videbat,
236 995 309 1043 tunc
321 983 484 1042 immodica
502 983 636 1040 libertate
649 984 785 1050 abusum,
801 983 853 1038 sed

98 1064 210 1138 alioqui
220 1063 377 1142 egregium
385 1063 462 1119 bello
470 1062 578 1131 virum,
587 1060 681 1118 etnisi
691 1063 853 1117 erubesce·

101 1153 147 1200 ret
155 1143 249 1213 fateri,
260 1152 437 1200 servatorem
448 1142 496 1198 sui
505 1139 647 1197 occisum.
668 1138 852 1196 Detestabile

102 1222 249 1280 carnificis
263 1220 465 1278 ministerium
483 1228 677 1293 occupaverat
690 1235 766 1274 rex:
786 1235 854 1275 ver·

100 1302 208 1357 borum
221 1299 381 1367 licentiam,
403 1317 470 1372 quae
487 1298 555 1355 vino
567 1308 682 1372 poterat
700 1296 852 1370 imputari,

100 1377 227 1435 nefandi
241 1379 323 1435 caede
336 1380 425 1434 ultus.
466 1379 605 1434 Manabat
623 1387 685 1433 toto
705 1377 849 1435 vestibulo

102 1469 189 1512 cruor
202 1453 290 1528 paulo
303 1465 369 1512 aute
390 1456 539 1524 convivae;
561 1455 674 1531 vigiles,
695 1455 811 1512 attoniti
823 1466 852 1512 et

104 1533 288 1607 stupentibus
308 1534 429 1602 similes,
452 1537 557 1608 procul
585 1534 852 1602 stabant31iberio·

102 1629 227 1687 remque
238 1612 442 1687 paeniteutiam
456 1614 583 1670 solitudo
598 1614 741 1670 exciebat.
767 1612 851 1691 Ergd

101 1691 226 1760 hastam,
239 1711 277 1748 ex
292 1712 416 1770 corpore
427 1691 554 1770 jacentis
572 1694 716 1762 evulsam,
730 1692 851 1749 retorsit

101 1771 132 1828 in
146 1782 258 1840 semet3
276 1773 401 1849 jamque
421 1774 590 1829 admoverat
616 1770 739 1843 pectori,
752 1789 849 1844 quum

101 1851 234 1908 advolant
251 1851 365 1928 vigiles,
386 1863 416 1910 et
429 1850 605 1926 repugnanti
618 1849 634 1904 ὲ
647 1849 786 1906 manibus
798 1870 851 1906 ex-

73 1999 76 2006 ·
101 1933 480 2004 torquent‚allevatumque
494 1929 524 1985 in
537 1931 760 1986 tabernaculum
774 1929 851 1986 defe-

102 2018 180 2065 runt.
209 2008 262 2064 Ille
284 2008 370 2066 humi
385 2018 582 2081 prostraverat
594 2027 711 2082 corpus,
735 2009 849 2084 gemitu

103 2084 272 2161 ejulatuque
289 2085 447 2145 miserabili
470 2090 532 2143 tota
552 2097 730 2162 personante
744 2087 849 2163 regia;

101 2163 210 2221 laniare
231 2162 334 2221 deindo
354 2185 387 2223 os
411 2166 561 2243 unguibus
581 2177 611 2222 et
624 2167 849 2223 circumstantes

101 2257 206 2315 rogare
220 2259 257 2297 ne
271 2262 303 2301 se
316 2254 395 2300 tanto
415 2244 552 2302 dedecori
572 2246 763 2319 superstitem
784 2263 848 2302 esse

102 2329 289 2394 paterentur:
309 2322 339 2378 in
351 2325 404 2382 has
412 2339 518 2398 preces
530 2334 592 2380 tota
604 2342 664 2381 nox
677 2333 783 2381 exacta
795 2334 847 2380 est.

103 2399 350 2474 scrutantemque
368 2399 444 2460 num
464 2401 509 2458 ira
530 2404 654 2460 deorum
677 2404 714 2459 ad
730 2413 846 2459 tantum
922 2432 924 2441 =

16 2515 17 2550 3
101 2477 185 2536 nefas
198 2491 279 2537 actus
292 2491 380 2547 esset,
400 2482 477 2539 subit
490 2480 725 2540 anniversarium
738 2479 848 2537 sacrifi·
922 2520 924 2531 .

103 2558 187 2616 cium
199 2559 307 2616 Libero
320 2559 397 2632 patri
415 2578 475 2616 non
496 2579 560 2618 esse
574 2561 723 2618 redditum
738 2570 845 2616 statuto
922 2562 924 2631 j

66 2674 72 2689 x
102 2646 253 2712 tempore;
275 2637 380 2711 itaque,
402 2639 592 2698 intervinum
606 2650 636 2696 et
649 2641 751 2712 epulas
765 2640 844 2696 caede
922 2658 924 2685 a

16 2715 18 2800 Ι
103 2719 273 2787 commissi,
286 2717 360 2776 iram
371 2717 418 2776 dei
431 2717 523 2777 fuisse
532 2718 728 2778 manifestam.
922 2702 924 2797 l

16 2807 18 2828 l
922 2818 924 2821 .
