1875 3267
464 279 504 331 85

110 420 165 476 sito
185 415 288 495 magis
305 437 379 496 rege
397 419 490 495 qudm
514 421 624 493 effus03
645 425 755 499 itaque,
778 424 852 486 ddm

107 515 222 573 equum
231 507 335 566 mutat,
349 499 461 558 tardius
473 499 649 577 insequutus
661 515 715 561 est.

147 575 271 634 Interim
284 575 374 640 frater
387 578 512 649 Taxilis,
525 579 604 655 regis
617 583 767 652 Indorum,
776 600 854 657 prae·

24 703 32 720 ,
106 653 218 712 missus
232 657 267 712 ab
289 659 611 736 Alexandro-monere
630 661 717 734 coepit
729 663 852 730 Porum,

105 749 145 790 ne
158 733 262 791 ultima
273 735 401 809 experiri
413 747 616 810 perseveraret
628 739 803 812 dederetque
819 758 852 796 se

106 811 222 877 victori.
243 815 285 870 At
295 812 355 884 iile,
368 813 540 889 quanqndm
550 818 702 874 exhaustae
716 829 799 874 erant
808 816 852 872 vi-

105 907 157 946 res
170 889 381 966 deficiebatque
391 893 519 968 sanguis,
532 904 631 951 tamen
643 895 680 952 ad
689 906 788 952 notam
800 914 852 954 vo-

104 985 175 1026 cem
195 971 349 1040 excitatus,
369 974 519 1047 Agnosco,
538 972 643 1046 inquit,
655 973 775 1031 'Taxilis
795 973 839 1031 bu

107 1057 196 1116 trem,
217 1047 334 1122 imperii
356 1051 500 1126 regnique
527 1051 574 1107 sui
596 1052 799 1126 proditorem
820 1064 851 1110 et

107 1129 215 1194 telum,
232 1129 310 1200 quod
323 1146 425 1192 unum*
435 1127 588 1196 sostenen
607 1131 771 1200 effluxerat,
783 1147 852 1188 con-

107 1205 195 1262 torsit
207 1205 236 1260 io
251 1223 330 1273 eum,
343 1209 421 1282 quod
433 1225 487 1282 per
499 1209 632 1267 medium
645 1219 751 1284 pectus
763 1227 849 1284 pene·

106 1282 196 1341 travit
209 1285 245 1340 ad
257 1295 386 1360 tergum.
426 1289 495 1343 Hoc
513 1287 617 1344 ultimo
629 1289 748 1345 virtutis
760 1304 849 1360 opere

103 1360 410 1440 edito‚fugereacrids
419 1363 522 1439 coepit:
537 1367 589 1422 sed
598 1367 771 1440 elephantus
777 1385 851 1440 quo-

103 1459 174 1516 que,
187 1442 237 1516 qui
251 1447 342 1500 multa
355 1456 512 1517 exceperat
523 1447 590 1513 tela,
603 1445 773 1514 deficiebat;
795 1446 849 1502 ita·

103 1538 174 1593 que,
194 1520 269 1578 sistit
287 1521 389 1598 fugam
408 1522 595 1598 peditemque
617 1523 755 1599 sequenti
769 1524 849 1581 hosti

102 1597 221 1674 objecit.
253 1602 269 1658 J
272 1620 320 1658 nm
335 1603 504 1658 Alexander
512 1613 711 1677 consequutus
724 1612 795 1670 erat,
808 1613 848 1670 et,

103 1678 266 1750 pertinacia
281 1681 348 1736 Pori
363 1679 491 1754 cogniti,
511 1683 626 1737 vetabat
645 1680 847 1737 resistentibus

102 1751 204 1828 parci:
226 1759 297 1833 ergd
311 1757 441 1834 undique
452 1768 482 1814 et
494 1759 525 1814 in
538 1758 651 1832 pedites
664 1768 693 1813 et
701 1759 733 1815 in
745 1757 847 1831 ipsum

100 1836 214 1894 Porum
224 1839 282 1894 tela
294 1848 434 1912 congesta
448 1846 524 1904 sunt,
538 1833 644 1910 quibus
652 1837 770 1892 tandem
781 1855 846 1910 gra-

99 1923 185 1972 vatus
196 1915 253 1972 labi
263 1935 300 1974 ex
315 1918 412 1972 belluis
427 1913 525 1988 coepit.
546 1914 638 1970 Indus
652 1914 702 1988 qui
712 1914 835 1989 elephan

99 2002 167 2048 tum
178 1997 306 2069 regebat,
320 1995 499 2052 descendere
512 2012 584 2051 eum
598 2002 688 2062 ratus,
701 2010 786 2050 more
800 2012 847 2050 so-

98 2072 152 2129 lito
166 2074 356 2148 elephantum
375 2074 571 2146 procumbere
581 2069 673 2150 jussit
684 2072 715 2129 in
728 2089 844 2147 genua;

99 2149 153 2226 qui
163 2161 195 2219 ut
208 2171 240 2210 se
255 2151 398 2218 submisit,
411 2153 507 2208 ceteri
517 2169 645 2225 quoque,
657 2149 697 2207 itt
705 2149 788 2208 enim
800 2150 845 2206 in·

98 2229 194 2288 stituti
205 2242 296 2302 erant,
320 2229 467 2293 demisere
482 2248 603 2306 corpora
614 2229 645 2285 in
657 2239 788 2286 terram:
810 2247 845 2287 ea

98 2321 147 2366 res
161 2320 191 2366 et
205 2306 321 2368 Porum
328 2319 357 2366 et
367 2319 490 2365 coeteros
504 2307 665 2365 victoribus
677 2307 803 2368 tradidit.

139 2391 207 2448 Rex
221 2389 338 2463 spoliari
350 2404 456 2461 corpus
469 2387 550 2456 Pori,
570 2386 761 2443 interemtum
777 2404 842 2444 esse

97 2469 233 2536 credens,
241 2467 340 2544 jussit,
349 2477 379 2523 et
392 2467 442 2539 qui
454 2467 639 2523 detraherent
647 2463 769 2522 loricam
779 2481 844 2520 res-

96 2557 220 2622 temque
242 2547 431 2612 concurrere;
454 2563 547 2619 quum
570 2544 666 2602 bellua
687 2542 842 2600 dominum

95 2623 186 2692 tueri,
199 2637 230 2681 et
240 2627 395 2699 spoliantes
405 2623 494 2698 coepit
502 2632 646 2697 appetere,
654 2624 842 2706 levatumque

96 2719 207 2780 corpus
221 2722 322 2762 rursus
336 2703 422 2760 dorso
436 2720 490 2757 suo
502 2702 670 2774 imponere:
692 2696 765 2772 ergb
776 2697 842 2752 telis

96 2783 228 2860 undique
242 2782 385 2852 obruitur,
406 2779 599 2854 confossoque
614 2796 658 2846 eo,
672 2776 705 2832 in
723 2773 842 2833 vehicu-

272 2868 274 2872 ,
466 2873 485 2906 R
797 2872 799 2876 Α
