1875 3267
421 315 480 371 211

77 461 238 521 taminibus
250 460 330 517 haud
343 456 436 520 ferm‘d
450 461 554 535 plures
568 458 721 537 Saguntini
736 468 820 525 cade·

76 545 158 608 bant,
170 560 261 615 quam
274 539 365 596 Poeni.
387 540 431 596 Ut
443 537 514 595 verb
527 540 651 599 Annibal
666 543 736 617 ipse,
747 542 819 600 drim

79 621 203 677 muium
212 614 359 676 incautius
370 616 458 679 subit,
472 616 630 675 adversum
642 618 740 677 femur
760 630 820 677 tra·

80 700 153 774 gula
166 696 296 773 graviter
308 694 383 751 ictus
402 695 526 751 ceciditr
548 706 628 753 tanta
647 698 727 755 circi
748 698 819 775 fuga

80 794 115 833 ac
126 772 282 849 trepidatio
289 772 352 838 fun
362 783 394 829 ut
402 790 461 829 non
470 771 601 831 multrim
615 777 738 847 abesset,
751 778 821 853 quin
906 816 913 831 i

76 870 170 927 opera
182 871 217 909 ac
229 850 323 908 vineae
337 852 550 909 desererentur.

119 930 244 989 Obsidio
256 928 361 985 deinde
369 947 424 1001 per
433 947 543 1003 paucos
552 931 615 987 dies
623 932 719 1007 magis
732 932 821 1007 quim

80 1007 261 1084 oppugnatio
275 1006 338 1076 suit,
358 1004 430 1062 dum
443 1010 548 1067 vulnus
563 1011 819 1069 ducis-curaretur.

81 1090 139 1146 Per
152 1088 232 1162 quod
245 1097 365 1159 tempus
386 1097 420 1141 ut
432 1086 516 1158 quies
539 1087 735 1147 certaminum
749 1098 819 1155 erat,

80 1165 122 1223 ita
133 1168 169 1223 ab
179 1174 322 1239 apparatu
336 1181 462 1237 operum
484 1182 517 1219 ac
532 1166 729 1224 munitionum
744 1165 819 1223 nihil

80 1253 241 1301 cessatum.
281 1241 385 1315 Itaque
398 1242 495 1299 acrius
507 1246 543 1299 de
557 1243 674 1321 integro
687 1247 824 1303 obortum

81 1324 259 1387 estbellum‚
271 1320 463 1394 pluribusque
484 1318 623 1395 partibus
645 1321 694 1381 vix
716 1324 823 1397 accipi·

80 1401 198 1458 entibus
211 1397 383 1473 quibusdam
396 1416 485 1470 opera
498 1400 578 1467 locis,
601 1402 695 1459 vineae
717 1412 822 1475 coeptae

81 1480 140 1555 agi,
152 1476 361 1551 admoverique
378 1478 464 1534 aries.
495 1480 668 1537 Abundabat
689 1480 824 1537 multitu·

80 1559 151 1616 dine
164 1555 317 1611 hominum
326 1557 452 1625 Poenus;
469 1558 504 1613 ad
513 1566 632 1613 centum
646 1558 726 1615 enim
740 1560 824 1633 quin·
915 1610 917 1615 .

82 1635 222 1710 quaginta
231 1633 326 1691 millia
341 1634 475 1690 habuisse
498 1634 528 1689 in
541 1635 631 1690 armis
646 1637 714 1693 satis
729 1636 823 1693 credi·

79 1725 143 1772 tur.
184 1710 332 1785 Oppidani
341 1713 379 1767 ad
391 1712 492 1769 omnia
503 1712 611 1769 tuenda
619 1722 706 1786 atque
717 1716 826 1771 obeune
879 1764 882 1769 .

81 1793 121 1849 da
132 1790 307 1847 multimoda
317 1799 378 1845 arte
387 1789 521 1846 distineri
530 1788 617 1860 coepti
629 1800 696 1846 sunt
708 1812 715 1845 ε
730 1801 758 1846 et
766 1808 825 1847 non

82 1867 276 1927 sufficiebant.
314 1869 381 1926 iam
394 1869 474 1924 enirn
497 1867 675 1926 feriebantur
688 1868 824 1925 arietibus

81 1946 174 2007 muri.
194 1950 347 2018 Quassatae
371 1964 487 2021 quoque
507 1949 608 2005 multae
624 1957 719 2019 partes
732 1958 822 2003 erant.

84 2028 155 2082 Una
168 2024 381 2083 continentibus
405 2024 500 2081 ruinis
520 2027 678 2083 nudaverat
701 2026 824 2083 urbem:

82 2115 145 2161 tres
167 2105 306 2177 deinceps
324 2114 430 2168 turres,
450 2113 652 2177 quantumque
678 2104 754 2161 inter
776 2122 825 2163 eas

82 2181 249 2248 munierat,
263 2201 332 2242 cum
347 2180 465 2255 fragore
486 2181 596 2257 ingenti
617 2182 800 2255 prociderant
815 2201 823 2238 ε

84 2273 265 2335 captumque
273 2259 415 2335 oppidum
426 2262 463 2315 ea
473 2260 558 2335 ruini
568 2259 750 2317 crediderant
761 2262 825 2317 1>oe-

83 2340 128 2408 ni‚
140 2342 211 2412 quai,
224 2341 304 2396 velut
313 2338 339 2394 si
352 2336 460 2411 pariter
473 2351 611 2412 utrosque
622 2356 727 2395 murus
735 2339 828 2395 texis·

84 2427 141 2484 set,
153 2415 196 2473 itai
208 2418 356 2490 utrimque
378 2414 408 2472 in
431 2433 562 2491 pugnarn
583 2415 758 2489 procursum
773 2428 826 2475 est.

84 2496 171 2555 Nihil
185 2494 379 2553 tumultuaria
391 2512 500 2568 pugnae
515 2493 610 2551 simile
634 2501 704 2563 erat,
725 2497 826 2569 quales

83 2576 115 2633 in
142 2574 409 2647 oppugnationibus
431 2574 548 2629 urbium
569 2591 622 2645 per
642 2574 826 2631 occasionem
901 2579 902 2585 ’

83 2654 180 2729 partis
192 2651 310 2709 alterius
323 2652 436 2708 censeri
451 2653 562 2708 solent:
577 2652 628 2709 scd
636 2651 723 2729 justae
739 2650 827 2717 acies,

83 2734 166 2792 velut
181 2730 294 2806 paterni
305 2746 419 2806 campo,
431 2730 508 2787 inter
527 2727 626 2787 rubras
647 2728 725 2787 muri
737 2736 827 2789 tecta·
