1875 3267
431 290 470 343 41

68 432 200 507 gaurkre
213 432 353 501 hostibus,
366 432 414 489 hic
426 431 524 509 pala⁸m
531 432 612 493 fusis.
630 434 806 495 prudentior

68 510 119 567 ille
130 510 265 579 ¹consilio,
278 511 326 568 hic
339 510 438 569 animo
453 511 697 589 magnificentior.
725 513 806 573 Iram

65 598 152 661 pater
165 588 357 659 dissimulare,
369 591 546 665 plerumque
558 589 645 647 etiem
665 591 783 651 vincere
795 614 804 647 e

64 663 117 721 hie
130 664 183 723 ubi
193 666 360 735 exarsisset,
368 686 424 724 nec
437 666 538 727 dilatio
551 666 669 726 ultionis
677 686 805 729 nermo·
847 712 852 723 .

64 743 123 799 dus
135 753 208 801 erat.
228 744 300 801 Vini
322 745 410 802 nimis
432 755 555 820 uterque
577 744 698 824 aviditer
711 749 806 807 oede-

64 820 198 879 brietatis
210 822 325 879 diversa
333 822 410 881 vitia.
431 820 513 881 Patri
519 843 585 882 mos
598 831 662 881 erat
673 824 807 887 etiomde

64 898 201 957 convivio
221 899 251 957 in
275 901 389 957 hostem
403 919 587 976 procurrere,
601 894 806 962 monumem-

64 995 175 1047 serere,
184 978 323 1051 perieulis
333 998 364 1036 se
376 979 488 1037 temeri
498 982 626 1039 offerret
639 980 806 1039 Alexander

63 1073 125 1113 non
137 1055 169 1113 in
182 1057 308 1125 hostem,
317 1056 368 1115 sed
380 1056 411 1115 in
420 1076 488 1117 suos
500 1058 645 1117 saeviebat.
657 1059 806 1130 Quamob-

62 1151 132 1191 rem
155 1133 325 1210 Philippum
350 1151 430 1209 eaepe
449 1136 634 1194 vulneratum
645 1134 806 1213 praeliare·

61 1208 193 1269 misere:
216 1212 266 1269 hic
284 1212 452 1271 amicorum
472 1213 645 1271 interfector
669 1214 805 1272 counitio

63 1290 236 1365 frequenter
250 1290 388 1349 excessit.
428 1292 567 1375 Regnare
580 1292 629 1350 ille
644 1310 715 1351 cum
727 1291 802 1349 ami·

62 1370 108 1426 cis
126 1370 252 1439 nolebat,
265 1369 313 1427 hic
335 1368 367 1425 in
391 1368 503 1429 amicos
519 1388 611 1445 regna
635 1372 800 1428 exercebat.

62 1447 172 1507 Amori
193 1458 276 1522 pater
296 1448 394 1517 malle,
415 1448 461 1505 hic
475 1449 578 1507 metui.
617 1449 800 1507 Litterarum

62 1526 163 1583 cultus
175 1526 289 1601 utrique
298 1524 411 1583 similis.
432 1526 567 1584 Solertiae
575 1525 799 1603 petermajorie,

60 1604 112 1660 hic
127 1602 204 1665 fidei,
218 1604 323 1662 Verbis
336 1613 423 1677 atque
435 1603 564 1662 oratione
577 1604 741 1679 Philippus,
748 1604 798 1662 hie

60 1684 153 1739 rebus
161 1682 345 1741 moderatior.
366 1682 508 1740 Parceudi
519 1680 604 1748 victis
612 1678 674 1740 filio
680 1681 797 1738 animus

59 1772 90 1818 et
102 1760 268 1835 promptior
281 1772 310 1819 et
323 1759 480 1817 honestior.
521 1758 692 1835 Fmgalitati
705 1770 797 1832 pater,

58 1839 188 1898 luxuriae
203 1838 281 1897 filius
293 1836 389 1914 magis
402 1838 516 1895 deditus
529 1846 600 1898 erat.
619 1834 734 1906 Quibus
750 1852 796 1891 ar.

56 1918 137 1975 tibus
161 1917 241 1975 orbis
256 1916 374 1991 imperii
394 1914 583 1973 fundamenta
603 1924 687 1988 pater
703 1911 794 1991 jecite
869 1932 874 1940 ·

58 1996 158 2069 operis
169 1996 261 2055 totius
271 1996 394 2073 gloriam
406 1992 486 2052 filius
496 1991 718 2053 consummarit.

226 2278 505 2343 NAIIRATION
524 2276 624 2341 XIII.
649 2324 652 2329 -
725 2282 728 2286 ’

157 2424 333 2489 Alexander
339 2421 419 2507 falls
433 2422 497 2482 sici
513 2433 547 2483 at
565 2422 695 2495 Terent.

48 2514 53 2525 '
220 2568 306 2633 (Ano.
319 2566 495 2632 HistQCur.
513 2565 630 2633 bookllt)
660 2556 663 2561 ’

90 2693 246 2749 Alexander
258 2701 287 2741 at
297 2690 343 2740 the
355 2704 406 2752 age
417 2686 449 2737 ol
455 2694 552 2751 twenty
565 2701 624 2745 one,
635 2671 727 2751 puseo
740 2684 794 2735 into

67 2764 132 2815 Asia
144 2761 209 2813 with
230 2758 290 2824 only
307 2754 402 2817 80,be
422 2768 494 2869 prepi.
537 2752 652 2803 Arrired
669 2763 738 2813 upon
749 2750 797 2802 the
