1875 3267
458 244 518 300 291

91 392 244 466 praeclara
253 387 295 447 rei
305 379 708 448 militaris'facinorafecerat:
721 392 758 449 ob
772 408 849 466 quae,

92 469 188 528 victis
209 468 512 546 Carthaginiensibus,
538 479 567 526 et
595 482 680 546 capto
704 472 850 546 Syphace,

92 551 188 623 cujus
200 549 230 605 in
245 547 348 608 Africa
362 567 509 622 magnum
519 559 607 623 atque
622 550 677 606 iat&
686 550 849 624 imperium

92 631 200 696 valuit,
213 628 344 702 populus
370 645 512 686 nonianus
539 645 742 702 quascumque
757 632 848 686 urbes

95 717 132 766 et.
141 727 232 785 agros
247 723 337 764 utauu
351 718 479 781 cepelnt,
493 705 558 782 regi
572 708 649 764 dono
665 707 753 767 dedit.
787 706 850 784 lgi-

95 785 148 842 'tur
172 786 302 848 amicitia
323 785 489 844 Masinissae
512 789 588 842 bona
610 796 698 862 atque
728 789 850 846 honesta

93 867 187 924 nobis
200 865 387 940 permansit:
419 866 472 922 sed
497 865 618 939 imperii
638 866 768 940 vitaeque
782 867 850 942 ejus

94 944 169 1004 finis
183 947 261 1004 idem
275 942 340 1001 fuit.
383 943 461 1002 Dein
484 943 612 1022 Micipsa
624 942 707 1002 filius
721 956 851 1018 reguum

95 1028 183 1084 solus
196 1021 331 1092 obtinuit,
344 1023 546 1082 Manastabale
560 1036 591 1082 et
604 1025 738 1083 Gulussb
754 1023 854 1081 fratri·

95 1105 156 1162 bus
184 1105 287 1162 morbo
314 1105 466 1163 absumtis,
530 1105 560 1160 Is
581 1105 793 1166 Adherbalem,
820 1112 851 1159 et

96 1183 308 1258 Hiempsalem
324 1201 363 1238 ex
378 1201 442 1240 sese
457 1182 560 1256 genuit
574 1203 583 1252 ;
603 1182 852 1258 iugurthamque‚

98 1261 314 1321 Mmastabalis
334 1258 434 1320 fratris
458 1262 564 1329 filium,
579 1280 670 1336 quem
684 1260 853 1328 Masinissa,

98 1341 184 1418 qubd
198 1348 281 1398 ortus
295 1359 334 1398 ex
354 1340 517 1407 concubina
531 1351 604 1406 era-t,
620 1341 768 1414 privatum
784 1337 853 1397 reli-

96 1430 217 1497 querat,
238 1419 343 1478 eudem
364 1422 456 1490 cultu,
469 1439 530 1496 quo
550 1420 658 1479 liberos
677 1439 757 1490 suos,
768 1417 854 1478 domi

98 1499 212 1558 habuit
692 1507 698 1512 '

144 1577 214 1650 Qui,
226 1578 277 1636 ubi
297 1577 431 1654 primum
453 1581 589 1649 adolevit,
603 1580 718 1653 pollens
730 1577 853 1646 viribus,

99 1660 214 1718 decorat
228 1657 312 1728 facie,
327 1659 485 1718 sedmulto
497 1657 632 1717 maxim&
645 1653 767 1732 ingenio
780 1655 852 1713 vali·

101 1739 168 1807 dus,
187 1755 246 1794 non
269 1755 300 1795 se
314 1735 398 1795 luxui
411 1755 509 1812 neque
524 1738 639 1794 inertiae
655 1746 851 1806 corrumpen-

102 1819 176 1875 dum
187 1815 281 1876 dedit:
297 1817 357 1884 sed,
371 1813 414 1873 uti
423 1836 491 1874 mos
498 1815 597 1892 gentis
609 1813 688 1872 illius
699 1821 755 1880 est,
767 1810 852 1886 equi·
874 1834 879 1845 ’

103 1907 176 1967 tabe,
188 1894 320 1973 jaculari,
335 1913 426 1954 cursu
445 1914 518 1953 cum
533 1892 696 1969 aequalibus
709 1901 825 1948 certare
840 1911 850 1959 ς

103 1985 143 2044 et,
162 1970 260 2050 quiim
271 1992 377 2031 omnes
401 1973 497 2050 gloria
509 1975 645 2040 anteiret,
658 1971 796 2030 omuibus
808 1980 852 2028 ta·

102 2071 173 2112 men
184 2071 270 2111 eunus
283 2071 367 2110 esse:
389 2055 427 2111 ad
440 2053 508 2122 boc,
521 2055 661 2128 pleraque
674 2049 852 2125 tempora-in

104 2133 218 2191 venado
253 2149 363 2208 agere3
406 2133 532 2202 leonem,
559 2143 646 2207 atque
673 2128 746 2188 alias
771 2129 850 2188 feras

98 2213 229 2292 primus,
241 2211 331 2269 autin
345 2209 450 2286 primis
462 2211 558 2278 ferire,
567 2207 735 2287 plurimum
745 2209 852 2278 faeere,

101 2307 139 2348 et·
152 2288 314 2348 minimiim
327 2292 390 2365 ipse
404 2291 440 2348 de
458 2311 490 2348 se
504 2290 594 2366 ioqui.
610 2338 613 2343 ,

145 2369 263 2440 Quibus
286 2371 374 2428 rebus
391 2369 520 2446 Micipsa
532 2369 651 2428 tametsi
663 2367 749 2426 initio
761 2369 849 2424 laetus

105 2447 210 2516 fuerat,
223 2447 417 2508 existumans,
432 2451 588 2525 Jugurthae
601 2449 743 2505 virtutem
758 2464 852 2522 regno

103 2546 160 2586 ,suo
175 2527 279 2604 gloriae
299 2524 372 2596 fore,
385 2539 485 2588 tamen
512 2526 670 2602 postquam
690 2523 850 2584 'hominem

104 2601 332 2667 adolescentem,
349 2609 455 2666 exacta
470 2618 556 2666 aetate
569 2609 623 2665 sua
633 2618 662 2665 et
672 2605 768 2680 parvis
780 2603 851 2660 libe·

104 2685 157 2752 uis,
171 2685 269 2760 magis
289 2686 445 2763 magisque
467 2705 601 2745 crescere
625 2681 785 2757 inteiligit:
805 2701 854 2738 ue·

104 2764 262 2825 bemmter
288 2785 324 2824 eo
344 2763 462 2843 negotio
483 2775 648 2842 permotus,
667 2762 763 2820 multa
781 2777 852 2817 eum
