1875 3267
443 237 506 295 ³84

104 395 134 444 et
160 382 335 459 cuicumque
355 382 443 440 nobili
470 382 582 440 debitos
604 381 736 444 honores
755 381 848 473 corati-

105 465 192 539 gisse.
232 463 306 520 Saue
327 481 434 554 corpus
453 466 490 518 ob
503 458 768 536 longinquitatem
761 464 848 521 uine·

104 561 170 600 rum
184 543 312 600 externis
326 553 380 597 teu
389 544 413 598 is
433 560 549 615 quoquo
569 538 660 595 modo
671 553 851 611 crematum,

105 623 154 679 sed
168 621 248 677 tantb
261 625 345 711 plura
365 623 468 678 decora
489 639 562 678 rnox
579 615 668 674 tribui
681 635 735 690 par
747 620 853 690 fuisse,

104 701 211 775 (planti)
226 702 322 774 prima
341 699 400 756 fors
420 698 596 774 negavisset.
635 699 705 754 Non
725 695 852 757 fratrem

104 778 158 836 nisi
173 780 260 837 unius
274 780 331 836 dici
345 779 402 848 vii,
412 795 470 835 non
490 790 627 848 patruum
643 777 751 836 saltem
764 781 854 851 porti

103 855 192 914 tentis
217 859 344 916 obvium
385 859 444 914 Ubi
470 859 516 914 illa
537 868 673 913 veterum
692 855 853 914 instituta?

104 937 295 1010 praepositam
309 951 373 994 toro
386 934 672 1012 effigiem,modituta
685 933 723 990 ad
736 952 854 997 memo·

105 1014 182 1071 riatu
198 1017 315 1073 virtutis
328 1016 466 1083 carmina,
480 1026 508 1070 et
523 1012 700 1072 laudatibnes
714 1023 745 1068 et
759 1004 854 1088 laery-

106 1111 180 1160 mas,
194 1098 240 1150 vel
254 1096 379 1152 doloris
373 1096 562 1151 nnitsunenta.
603 1091 742 1150 Gnarum
754 1092 785 1148 id
800 1095 854 1150 Ti·

106 1174 187 1228 bcrio
214 1173 277 1239 luit,
299 1187 387 1248 utque
410 1183 560 1247 premeret
585 1169 668 1244 vulgi
687 1189 854 1239 sermones,

107 1252 224 1308 monuit
237 1252 342 1316 edicto,
355 1255 465 1308 multos
473 1248 632 1308 illustrium
647 1249 853 1310 Romanorum

107 1333 143 1386 ob
159 1334 263 1404 llerup.
279 1332 394 1398 obiisse,
408 1330 563 1387 neminem
576 1341 639 1386 tam
650 1324 790 1402 flagranti
803 1331 852 1387 de·

108 1409 214 1466 siderio
233 1412 423 1467 celebratum.
464 1410 556 1481 quue
577 1418 606 1465 et
627 1404 725 1462 sibiet
738 1408 852 1466 cunctis

108 1490 272 1563 egregium,
292 1487 316 1543 si
337 1489 445 1544 modus
459 1488 646 1563 adjiceretur.
689 1487 760 1541 Nou
772 1487 852 1544 euim

108 1568 211 1624 eadem
225 1569 330 1624 decora
342 1566 523 1641 principibus
545 1566 625 1632 viris,
638 1574 668 1621 et
680 1563 852 1640 imperatori

107 1650 215 1718 populo
239 1666 301 1720 qua
324 1646 448 1703 modicis
474 1644 619 1710 domibus
649 1655 699 1700 aut
730 1644 852 1703 cititati·

108 1729 181 1781 busz
203 1728 373 1784 convenisse
387 1725 498 1781 recenti
518 1723 612 1780 dolori
631 1724 755 1789 luctum,
770 1737 851 1782 etex

107 1821 237 1863 rnoerore
248 1805 364 1863 solatia:
380 1807 430 1861 sed
443 1804 631 1860 referendum
642 1804 706 1879 jam
716 1803 851 1862 animum

109 1885 145 1940 ad
171 1885 394 1952 firmitudinem,
419 1893 451 1939 nt
477 1880 626 1956 qnondirn
644 1883 730 1937 divus
755 1883 850 1941 Julius

75 2006 79 2023 .
110 1962 219 2018 amissi
231 1963 317 2019 unici
333 1964 401 2030 lilii,
419 1973 451 2019 ut
463 1962 549 2018 dirus
564 1963 720 2034 Augustus
743 1964 851 2036 ereptis

109 2043 280 2114 nepotibus:
302 2040 494 2097 abstruserint
506 2038 663 2095 tristitiam.
703 2037 757 2096 Nil
777 2059 850 2116 opus

110 2120 319 2176 vetustioribus
333 2118 495 2191 exemplis:
516 2116 631 2191 quoties
651 2119 781 2190 populus
795 2120 850 2177 Ro·

109 2217 217 2255 rnanus
230 2201 326 2254 clades
347 2200 543 2260 exercituum,
556 2194 711 2253 interitum
731 2198 851 2264 ducum,

110 2276 241 2334 furulitrls
263 2277 385 2333 amissus
406 2279 516 2333 nobiles
536 2275 660 2331 familias
685 2288 851 2333 constanter

111 2356 228 2412 tulerit?
249 2356 400 2426 Principes
420 2359 566 2420 rnortaleS,
581 2355 687 2424 Remp.
709 2366 850 2413 aeteruam
919 2358 920 2369 ¹

112 2455 185 2490 esse.
227 2437 312 2490 Proin
329 2445 493 2507 repeterent
507 2433 654 2489 solennia:
677 2444 707 2488 et
728 2434 798 2508 quia
809 2438 850 2492 lu-

20 2575 21 2586 *
112 2515 217 2568 dorum
254 2513 467 2580 Megalensiunr
499 2512 701 2584 spectaculum
728 2516 850 2572 suberat.

20 2647 22 2660 γ
111 2591 197 2650 etiarn
213 2593 372 2661 uoluptates
387 2600 578 2647 resumerent.
