1875 3267
468 401 531 456 350

123 546 152 600 in
166 542 278 600 medios
289 543 390 602 hostes
401 539 534 614 inducit;
554 557 665 618 sosque
677 539 866 614 perturbatos,

125 632 212 694 atque
227 622 299 679 alios
320 622 386 680 alibi
399 623 576 691 resistentes,
589 616 751 678 interficitz
772 617 866 677 deind&

123 698 276 773 utrimque
307 719 344 758 ex
373 701 508 760 lateribus
537 709 663 760 eaeteros
689 697 866 774 aggreditur.

124 777 258 848 Mallius,
278 787 309 836 et
328 777 501 837 Faesuianus
523 781 555 836 in
578 777 684 854 primis
704 787 866 852 pugnantes

127 857 245 913 cadunt·
286 856 445 932 Postquam
467 858 547 917 fusas
568 854 675 930 copias,
697 873 795 930 seque
807 874 867 912 cum

127 932 229 1008 paucis
243 934 378 993 relictum
391 935 470 994 videt
485 935 630 1002 Catilina3
651 953 776 993 memor
788 952 866 1010 gens·

125 1013 178 1080 ris,
192 1024 279 1088 atque
292 1014 422 1088 pristinae
432 1016 583 1092 dignitatis
595 1033 663 1080 snae,
672 1012 709 1069 in
723 1011 867 1070 confertis·

127 1091 220 1150 simos
241 1094 341 1152 hostes
360 1093 494 1164 incurrit,
517 1095 615 1168 ibique
628 1109 770 1168 pugnans
783 1088 865 1148 conso

127 1170 214 1226 ditur.
237 1171 304 1239 Sed,
314 1169 721 1249 confectopraelio,tirmvero
732 1187 866 1233 cerneres,

128 1257 237 1321 quanta
249 1249 377 1316 audacia,
400 1251 566 1327 quantaque
585 1248 691 1307 animis
704 1249 753 1306 vis
774 1247 867 1304 fuisset

126 1324 159 1381 in
172 1325 303 1384 exercitu
313 1325 456 1388 Catilinae.
477 1333 557 1388 Nam
566 1326 637 1395 fere,
646 1346 741 1402 quem
751 1326 864 1403 quisque

130 1401 217 1458 vivus
230 1406 386 1479 pugnando
400 1409 500 1466 locum
513 1417 641 1482 ceperat,
663 1423 747 1475 eum,
767 1404 864 1462 amissi

130 1481 229 1538 anima
257 1501 378 1555 corpore
399 1487 524 1561 tegebat.
563 1484 654 1544 Pauci
666 1493 783 1552 autem,
805 1500 864 1556 quos

129 1559 243 1616 medios
257 1562 364 1618 cohors
379 1564 516 1638 praetoria
538 1563 703 1639 disjecerat,
723 1561 814 1637 paulo
831 1561 864 1616 di·

130 1635 255 1706 versisis,
267 1640 318 1697 sed
331 1659 435 1698 omnes
445 1651 543 1700 tamen
557 1641 686 1698 adversis
698 1640 865 1701 vulneribus,

131 1716 327 1778 conciderant.
367 1720 490 1779 Catilina
500 1720 571 1778 veni
590 1721 678 1796 longe
691 1717 709 1776 d
722 1719 789 1776 suis
801 1717 863 1774 inter

132 1795 264 1853 hostium
290 1799 430 1867 cadayera
454 1796 591 1874 repertus
613 1810 668 1857 est.
714 1794 863 1857 Pauluhin

65 1899 74 1912 ·
132 1872 221 1930 etiam
232 1875 353 1948 spirans,
367 1875 565 1952 ferociamque
574 1877 674 1946 animi,
683 1892 775 1953 quam
786 1877 863 1932 hanu-

133 1963 198 2008 erat
211 1953 302 2022 virne,
315 1957 344 2011 in
358 1956 441 2014 vultu
453 1951 566 2014 retinet.
587 1954 750 2025 Postremo,
765 1975 803 2012 ex
812 1971 863 2011 om-

132 2029 164 2084 ni
180 2031 275 2103 copia,
286 2031 380 2104 neque
393 2033 423 2090 in
437 2034 548 2108 praelio,
561 2033 655 2110 neque
668 2036 698 2092 in
712 2035 785 2108 fuga
798 2031 864 2107 quis·

133 2124 224 2180 quam
245 2108 316 2166 civis
333 2111 477 2186 ingenuus
500 2122 601 2184 captus
622 2124 675 2170 est.
717 2112 762 2170 ltd
776 2108 862 2168 cuncti

133 2203 202 2253 suae,
215 2187 401 2262 hostiumque
410 2190 479 2249 vitae
491 2190 577 2268 juxti
590 2201 789 2266 pepercerant.
813 2191 865 2246 Ne·

134 2264 192 2338 que
213 2274 310 2321 tamen
332 2265 480 2325 exercitus
501 2271 601 2344 populi
625 2270 750 2328 Romani
763 2270 864 2331 raetam

134 2349 184 2400 aut
194 2343 375 2402 incruentam
388 2345 538 2424 victoriam
551 2351 673 2424 adeptus
683 2360 755 2406 erat.
794 2349 864 2403 Nam

134 2422 353 2481 strenuissimus
366 2424 490 2500 quisque
502 2438 552 2484 aut
560 2427 708 2493 occiderat
719 2427 750 2483 in
763 2427 864 2501 prelio,

133 2512 186 2557 sut
217 2501 343 2575 graviter
363 2503 531 2561 vulneratus
561 2506 743 2564 discesserat.
784 2500 862 2560 Mutii

132 2589 242 2645 aute-m,
251 2578 302 2651 qui
315 2576 331 2634 e
346 2579 447 2636 castris
460 2581 580 2650 visendi,
592 2595 645 2640 aut
656 2582 798 2658 spoliandi
807 2600 863 2658 gra·

132 2657 175 2710 tie
197 2667 407 2728 processerant,
420 2661 567 2717 volventes
591 2662 707 2718 hostilia
729 2664 863 2722 cadavera,

132 2731 264 2788 amicum
274 2731 333 2798 alii,
344 2752 411 2806 pars
426 2736 581 2810 hospitem,
595 2750 645 2797 aut
659 2749 814 2815 cognatum
825 2756 863 2793 re·

133 2808 290 2881 periebant.
330 2809 425 2869 Fuere
451 2813 613 2890 itennsfqni
636 2816 774 2878 inimicos
803 2831 862 2875 suos
