1875 3267
480 318 543 370 310

148 462 273 537 ignavia,
287 463 338 519 sed
360 463 397 518 ob
411 457 625 536 rempublicam
637 456 669 515 in
691 457 822 515 hostium
835 475 875 532 po,

147 551 262 608 testate,
275 539 469 597 relictumiri.
736 591 744 602 ,

187 620 263 676 Haec
279 621 404 676 Maurus
418 635 522 675 secum
536 618 599 692 ipse
619 613 672 672 did
685 618 817 683 volvens,
826 625 876 674 tm·

114 723 117 728 ·
146 698 213 753 dem
228 697 375 770 promisit.
396 694 549 764 Ceterum,
562 697 629 754 doio
642 692 679 752 ati
692 692 763 751 vere
777 707 876 766 eumcu-

144 787 204 842 tus‚
218 774 322 849 partim
338 775 558 848 comperimus:
580 776 630 832 sed
644 777 823 848 pierumque
841 791 876 829 re·

146 853 204 929 giae
219 857 387 920 voluntates,
406 854 450 911 uti
470 855 672 920 vehementes,
694 852 739 909 sic
761 849 876 917 mobiles,

146 929 226 1004 saepd
244 931 316 1004 ipsae
338 932 392 988 sibi
405 932 546 989 adversae.
587 929 695 990 Posted
711 941 840 1002 tempore
855 940 877 985 et

145 1011 211 1067 loco
225 1010 392 1078 constituto,
405 1011 435 1067 in
449 1011 635 1086 colloquium
650 1009 696 1069 uti
708 1011 747 1067 de
762 1027 830 1081 puae
841 1025 877 1062 ve-

144 1089 407 1157 niretur‚Bocchus
415 1087 528 1163 Syllam
536 1087 731 1157 modd‚modd
740 1087 876 1162 iugurtha

147 1170 280 1244 legatum
310 1163 436 1242 apellare
448 1189 456 1236 ;
500 1165 627 1239 benigne
653 1168 785 1233 hubere3
814 1166 878 1222 idem

145 1247 288 1303 ambobus
301 1247 434 1320 polliceri
446 1267 454 1316 ;
469 1244 511 1302 ilii
526 1244 637 1319 pariter
648 1246 709 1302 laeti
723 1263 760 1304 ac
772 1243 832 1318 spei
841 1245 877 1298 bo

142 1340 193 1380 ‚nae
207 1322 287 1397 pleni
303 1342 376 1380 esse.
418 1323 478 1382 Sed
494 1335 582 1382 nocte
600 1328 646 1391 eis,
666 1341 739 1399 quae
761 1321 877 1398 proxima

144 1401 199 1459 fuit
210 1399 275 1457 ante
285 1400 367 1459 diem
376 1403 522 1477 colioquio
528 1404 690 1471 decretum,
703 1403 836 1472 Mausos,
843 1402 878 1455 ad

147 1477 248 1536 hibitis
269 1480 382 1549 amicis,
395 1500 428 1538 ac
449 1481 547 1538 atatim
559 1480 720 1538 immutati
743 1483 878 1542 voimute,

145 1557 268 1616 remotis
284 1559 399 1629 ceteris,
413 1559 520 1618 dicitur
532 1567 638 1617 secum
652 1559 716 1634 ipse
730 1562 824 1617 muita
834 1558 877 1632 sgi-
899 1586 901 1597 ·

143 1637 259 1706 misse,
273 1641 366 1707 vultu,
380 1641 488 1709 colore,
501 1657 535 1698 ac
545 1649 629 1696 motu
643 1637 780 1713 corporis
791 1636 877 1710 pariter

144 1721 232 1791 utque
247 1715 455 1777 animo'varius
467 1739 475 1784 3
489 1734 558 1790 quae
568 1715 691 1784 scilicet,
698 1727 814 1774 tacente
822 1716 876 1788 ipso.

144 1798 262 1854 occulta
274 1797 413 1867 pectoris,
421 1795 481 1856 oris
491 1793 704 1863 immutatione,
714 1794 878 1868 patefecisse.
898 1801 900 1815 '

144 1873 261 1930 Tamen
276 1873 426 1950 postremo
441 1875 552 1947 Syllum
567 1874 677 1930 accersi
689 1873 794 1949 juben
813 1866 840 1939 εὶ
849 1889 877 1926 ex
897 1910 898 1957 p

143 1949 222 2007 illius
233 1952 414 2008 sententiiN
417 1952 526 2010 umidae
536 1950 656 2008 insidias
663 1953 764 2008 tendit.
775 1947 877 2012 Deindi.
897 2011 899 2031 Ι

144 2027 193 2100 ubi
203 2029 266 2086 dies
275 2030 398 2098 advenit,
406 2042 435 2088 et
443 2029 654 2094 eiuunciatum
663 2039 709 2087 est
717 2031 878 2106 Jugui‘thm
896 2090 897 2097 ἵ

144 2107 222 2164 haud
246 2110 351 2178 procui
372 2111 481 2178 abesse,
510 2127 579 2164 cum
612 2108 714 2183 paucis
737 2107 837 2166 amicis
855 2114 877 2160 et

144 2195 291 2258 quaestore
305 2199 416 2253 nostro,
429 2187 513 2262 quasi
533 2186 635 2243 obvius
648 2187 768 2243 honoris
782 2187 885 2247 caussi.⁴

144 2263 276 2337 procedit
289 2263 318 2318 iu
330 2267 481 2322 tumulum
493 2263 665 2322 facillimum
679 2265 744 2321 visu
760 2264 878 2322 insidias·

144 2341 231 2398 tibus.
252 2339 365 2399 Eddem
379 2343 510 2399 Numida
524 2361 592 2400 cum
607 2342 754 2419 plerisque
764 2359 877 2400 necessa·

144 2420 195 2481 riis
210 2420 269 2477 suis
291 2420 423 2490 inermis,
437 2421 480 2477 uti
503 2420 616 2478 dictum
637 2433 709 2492 erat,
726 2421 877 2482 accedit,ac

135 2497 253 2566 statim,
274 2497 359 2574 signo
371 2501 448 2567 dato,
467 2500 598 2572 undique
617 2500 707 2556 simui
730 2519 768 2556 ex
782 2496 876 2555 insidiis

142 2577 299 2632 invaditur.
334 2578 433 2633 Cetcli
447 2577 631 2634 obtruncatis
645 2579 794 2652 Jugurtha
803 2577 876 2649 Sylla

146 2651 258 2713 vinctus
267 2652 399 2718 traditur,
412 2665 442 2710 et
454 2656 490 2715 ab
503 2673 538 2712 eo
548 2657 583 2713 ad
598 2653 733 2715 Marium
742 2656 875 2715 deductus.
