1875 3267
287 302 448 357 -61

75 464 147 519 quae
160 464 249 522 parua
264 446 344 505 dictu
365 464 412 504 res
434 446 594 521 Tyriorum
612 446 813 517 fiduciamac·

78 526 187 583 cendit.
217 524 505 599 Carthaginiensium
522 528 609 602 legati
619 530 656 585 ad
668 530 817 586 celebran-

78 604 151 661 dum
164 602 392 661 anniversarium
413 621 531 661 sacrum
543 623 626 663 more
636 607 729 680 patrio
745 616 817 663 tuno

79 692 239 749 venerant3
259 681 369 756 quippe
383 682 608 757 Carthaginem¹
620 682 704 757 Tyrii
717 683 816 743 condi·

80 760 198 827 derunt,
211 772 328 831 semper
337 770 491 833 parentum
504 762 570 817 loco
583 761 660 817 culti.
699 759 818 820 Hortari

81 855 156 913 ergo
167 837 251 895 P‘oeni
265 848 425 911 coepenmt,
437 846 470 893 ut
487 837 669 896 obsidionem
681 837 748 895 forti
758 839 820 895 aui·

81 934 134 973 mo
147 923 333 990 paterentur;
352 915 433 972 brevi
446 915 625 991 Carthagine
637 916 745 973 auxilia
751 933 821 973 ven·

81 1003 168 1051 tura:
188 1010 318 1066 namque
328 995 363 1049 eal
379 1003 554 1065 tempestate
564 997 676 1068 magna
688 1012 728 1050 ex
739 1004 820 1067 parte
921 1033 924 1040 -

84 1072 203 1153 punicis
215 1070 354 1129 classibus
366 1070 458 1127 maria
470 1069 682 1128 obsidebantur.

125 1149 221 1223 Igitur
237 1149 314 1217 bello
326 1149 451 1215 decreto,
472 1165 526 1222 per
545 1166 651 1207 muros
667 1159 821 1232 tupreeque

67 1268 69 1273 s
85 1226 408 1299 tormentadisponunt;
419 1226 822 1303 armajunioribusdividunt3

85 1303 277 1379 opificesque,
294 1315 419 1377 quorum
433 1304 518 1379 copia
530 1306 599 1363 urbs
612 1307 780 1374 abundabat,
792 1305 824 1362 in

85 1381 217 1439 officinas
243 1381 437 1439 distribuunt:
465 1381 566 1441 omnia
588 1385 656 1442 belli
681 1395 823 1459 apparatu

86 1470 228 1534 strepunt.
249 1460 272 1515 F
274 1476 365 1517 erreae
375 1467 490 1533 quoque
499 1452 603 1520 manus
616 1460 825 1535 (Hermogenes
890 1517 897 1529 ,

88 1537 205 1615 vocant)
219 1554 291 1610 quas
303 1539 440 1611 operibus
448 1539 577 1596 hostium
586 1539 750 1617 injicerent,
759 1558 825 1597 cor·

70 1610 75 1618 ⁸
89 1616 188 1688 vique,
200 1626 228 1673 et
239 1615 293 1673 alia
303 1616 417 1673 tuendis
431 1616 552 1672 urbibus
563 1620 737 1692 excogitata,
749 1635 827 1691 prae·

90 1694 271 1766 parabantur.
293 1694 350 1751 Sed
360 1710 454 1767 quum
462 1693 624 1750 fornacibus
631 1693 743 1751 ferrum
750 1696 828 1766 quod

88 1770 197 1827 excudi
210 1772 358 1845 oportebat
367 1769 540 1843 impositum
551 1781 636 1838 esset,
645 1770 828 1845 admotisque

88 1848 207 1907 follibus
220 1852 322 1924 ignem
335 1848 404 1905 flatu
418 1848 617 1915 accenderent,
630 1848 780 1924 sanguinis
791 1848 831 1903 ri-

91 1926 122 1984 vi
137 1929 193 1984 sub
203 1928 274 2001 ipsis
287 1926 413 1985 flammis
422 1925 554 1983 extitisse
564 1927 719 1991 dicuntum
739 1924 829 2000 idque

20 2070 23 2075 ,
89 2023 180 2062 omen
193 2004 224 2061 in
236 2006 431 2062 Macedonum
446 2015 561 2062 metum
575 2014 725 2063 verterunt
735 2004 829 2078 Tyrii.

91 2085 185 2155 Apud
199 2084 374 2147 Macedonas
389 2099 515 2156 quoque,
530 2102 621 2156 quum
635 2083 708 2139 lorte
720 2099 828 2155 panem

89 2161 212 2235 quidam
223 2160 352 2217 militnm
361 2158 518 2235 frangeret,
527 2161 672 2219 manantis
680 2159 829 2237 sanguinis
847 2176 852 2183 ’

130 2366 142 2397 ¹
159 2353 343 2417 Carthaginem·
371 2351 504 2417 Carthage
514 2367 570 2403 was
580 2352 647 2402 built
655 2354 680 2402 in
696 2351 786 2402 Africa
797 2350 832 2414 hy

93 2420 178 2478 Dido,
196 2416 312 2467 sister-of
324 2418 472 2483 Pygmalion
482 2417 585 2482 kingof
593 2421 674 2481 Tyre‚
693 2417 832 2468 A.c‚890.

93 2489 121 2537 lt
133 2502 186 2536 was
199 2482 339 2547 destroyed
352 2486 383 2547 by
395 2486 441 2533 the
453 2484 602 2534 Romansin
615 2485 671 2542 148,
684 2483 734 2534 and
744 2484 767 2534 is
774 2498 832 2532 now

92 2568 128 2602 no
141 2566 214 2601 more
226 2550 315 2599 thuna
333 2551 399 2615 licap
419 2550 451 2597 of
469 2559 566 2604 stanes,
590 2550 615 2598 in
632 2551 678 2599 the
695 2549 794 2598 middle
806 2546 838 2597 of

94 2618 183 2667 which
197 2632 236 2665 we
249 2617 370 2679 per-celae
384 2624 491 2665 atower
500 2615 585 2666 called
599 2618 738 2665 Almenare
747 2614 776 2663 or
787 2614 834 2677 the

94 2688 183 2736 Roeca
195 2682 224 2732 tle
238 2684 402 2733 Martinacea.
438 2684 462 2731 lt
475 2680 497 2730 is
509 2683 586 2732 three
600 2682 709 2747 leugues
731 2680 794 2728 west'
806 2675 837 2725 cf

95 2748 194 2810 Turris,
205 2763 238 2796 on
250 2748 295 2798 the
304 2757 375 2797 coast
386 2744 417 2795 of
424 2748 549 2811 Barbary.
822 2746 825 2751 '

421 2844 439 2883 F
