1875 3267
445 277 506 335 166
577 280 579 285 ’

116 448 183 507 pars
196 446 248 501 per
265 443 351 501 agros
365 424 477 500 dilapsi,
490 438 558 497 pars
570 421 654 479 urbes
664 424 775 497 petunt
786 415 848 473 fini-

114 512 223 574 timas;
245 506 307 561 sine
321 505 382 561 ullo
404 506 488 570 duce,
514 511 564 556 aut
590 512 745 565 consensu,
769 514 846 555 niam

114 586 236 661 quisque
250 600 344 655 spem,
363 601 416 638 sua
438 578 569 644 consilia,
582 577 791 636 communibus
802 575 847 630 de·

111 662 242 740 ploratis,
263 673 466 735 exsequentes.
488 660 609 714 Flamen
622 654 741 713 interim
754 654 848 726 Qniri-
914 676 924 735 η

113 742 195 808 nolis,
204 739 390 815 virginesque
402 738 546 801 Vestales,
558 733 668 791 omissi
678 753 783 793 terum
792 750 849 790 sua·
917 740 924 749 '¹

110 838 180 876 rum
194 822 354 891 cu1·d,quae
367 831 516 874 sacrorum
530 831 634 869 secum
643 812 774 881 ferenda,
788 825 848 883 quae
916 817 918 832 ¹

114 897 197 973 (quia
209 898 286 953 vires
309 898 344 952 ad
366 893 464 965 'omnia
486 892 606 951 ferenda
616 889 752 967 deerant)
767 888 849 947 relio-

114 977 231 1051 quenda
255 984 352 1030 essent
375 974 583 1037 consultantes,
605 970 709 1043 quisve
719 990 758 1028 ea
771 971 849 1024 locus

114 1050 535 1120 fideliasservaturuscustodiit
544 1058 630 1115 esset3
645 1045 850 1120 optimnmdn-

115 1132 194 1201 cunt,
208 1131 322 1188 condita
331 1132 361 1188 in
373 1129 486 1187 doliolis
499 1130 605 1185 sacello
624 1126 767 1201 proximo
788 1124 851 1189 aedi·

114 1214 172 1267 bus
184 1210 310 1267 flaminis
323 1207 491 1279 Quirinalis,
504 1205 553 1263 ubi
571 1224 650 1262 nunc
663 1207 769 1281 despui
789 1201 849 1263 reli·
921 1264 922 1273 χ

114 1290 164 1362 gio
187 1300 239 1350 est,
260 1288 411 1343 defodere:
432 1297 539 1344 caetera
552 1284 627 1355 inter
641 1303 672 1363 se
685 1302 783 1341 onere
793 1301 854 1359 pnr-
919 1288 922 1303 “

114 1368 168 1423 tito
189 1365 293 1431 ferum,
308 1365 355 1420 vid
378 1382 446 1438 quae
468 1363 590 1419 sublicio
610 1372 698 1437 ponte
718 1364 804 1421 ducit
820 1361 853 1417 nd

112 1441 290 1501 ianiculum.
349 1443 384 1497 In
411 1461 447 1498 eo
460 1442 541 1498 clivo*
551 1462 599 1498 eas
613 1439 705 1515 qudtn
721 1444 759 1499 L.
774 1442 852 1501 Albi·
923 1452 924 1455 ’

113 1520 181 1578 nius
202 1521 239 1575 de
258 1521 342 1593 plebe
362 1520 496 1577 Romans
523 1522 611 1577 homo
638 1521 853 1593 conspexisset,
917 1552 924 1589 μ

112 1599 242 1673 plaustro
255 1596 415 1675 conjugem
425 1617 458 1655 ac
469 1599 573 1655 liberos
587 1600 691 1655 vehens
704 1598 788 1656 inter
800 1616 850 1658 cae·

112 1688 208 1734 teram
221 1678 349 1745 turbam,
357 1696 423 1750 quae
434 1676 544 1733 inutilis
554 1679 629 1733 bello
640 1679 713 1735 ,urbe
726 1680 851 1735 excede·

67 1795 70 1799 -
112 1757 186 1824 bat3
207 1758 286 1812 salvo
300 1756 389 1813 etiam
407 1766 473 1812 tum
494 1754 659 1821 discrimine
681 1754 850 1814 divinarum

113 1836 368 1907 humanarumque
381 1852 493 1901 renum,
502 1832 698 1909 irreligiosum
711 1844 795 1892 ratus
809 1854 850 1891 sa·

115 1914 249 1977 cerdotes
275 1915 417 1985 publicos,
442 1932 580 1987 sacraque
602 1912 701 1987 popuii
722 1912 852 1971 Romani

113 1988 300 2060 pedibusue,
322 1990 459 2065 ferrique,
475 2010 505 2046 se
523 2011 555 2047 ac
581 2009 648 2049 suos
661 1989 690 2046 in
712 1992 851 2049 vehiculo

113 2066 256 2138 conspici;
271 2068 446 2125 descendere
460 2088 581 2126 uxorem
595 2085 743 2141 nepueros
751 2070 849 2144 jussit,

83 2216 87 2223 .
114 2144 244 2217 virgines
262 2155 401 2218 sacraque
414 2146 444 2202 in
458 2149 620 2220 plaustrum
634 2148 795 2219 imposuit:
817 2158 851 2207 et

114 2225 214 2288 Caere,
234 2240 292 2294 quo
305 2220 360 2278 iter
374 2227 569 2282 sacerdotibus
583 2234 652 2294 erat,
665 2227 812 2297 pervexit.

152 2298 256 2362 Romae
268 2297 398 2371 interim,
407 2302 476 2359 satis
483 2304 545 2379 jam
557 2304 700 2369 omnibus,
714 2297 787 2360 utin
802 2304 851 2363 tati

113 2396 155 2446 re,
166 2379 204 2433 ad
216 2378 353 2435 tuendam
366 2399 466 2437 arcem
481 2381 656 2455 compositis,
675 2384 761 2440 turba
775 2386 849 2443 seni·

112 2474 199 2511 orum
212 2458 312 2524 dunos
326 2475 467 2532 regressa,
488 2462 642 2517 adventum
654 2462 786 2519 hostium
799 2466 849 2519 ob-

113 2534 218 2590 stinato
235 2534 271 2588 ad
291 2547 419 2592 mortem
441 2536 540 2595 animo
558 2542 744 2613 exspectabat
759 2561 767 2608 ;
797 2542 846 2613 qui

112 2614 355 2667 eorumcurules
376 2624 526 2686 gesserant
546 2617 741 2689 magistratus,
762 2627 796 2673 ut
816 2618 845 2674 in

113 2687 236 2743 sortunae
269 2688 412 2758 pristinae,
431 2685 639 2763 ¹honorumque
659 2702 710 2749 aut
729 2693 844 2751 virtutis

110 2761 272 2834 insignibus
282 2774 476 2832 morerentur,
489 2784 554 2838 quae
565 2765 773 2842 augustissima
783 2788 844 2829 ves·
