1875 3267
449 255 510 337 ao*
593 322 599 329 .

140 403 209 465 Hoc
223 402 253 461 in
266 411 401 478 tempore
410 397 603 464 nullaciritas
615 396 850 463 Atheniensibus

103 482 215 543 auxilio
224 480 280 540 fult
293 490 401 554 praeter
411 478 638 547 Plataeensium:
653 478 779 537 camille
792 481 850 540 mi·

104 563 141 621 sit
149 558 287 619 mil²tum
307 560 410 635 Itaque
418 558 658 615 horumadrentu
666 558 853 623 decemmil.

102 639 586 711 liaarmatorumcompletasunt:
602 653 670 709 quae
679 638 854 695 mannsmi·

102 718 187 778 rabili
200 716 340 793 flagrabat
352 714 503 811 pugnandi
517 713 684 789 cupiditate.
711 716 780 787 Quo
791 714 854 773 fae·

103 804 171 854 tum
181 806 267 862 est,
246 798 364 873 plus,
374 813 467 869 quam
474 789 600 869 collega,
609 791 756 851 Mrlnades
767 796 867 851 valu

103 877 170 933 erit.
213 876 287 951 Ejus
301 875 382 933 enim
395 882 463 930 auct
452 871 568 929 toritate
588 872 709 947 impulsi
723 872 854 930 Atheni

105 972 195 1027 enses
204 952 304 1029 copias
317 973 355 1010 ex
368 955 439 1009 u1be
453 951 631 1014 eduxerunt,
652 952 776 1047 lemme
787 950 853 1010 ido·

100 1047 162 1089 neo
174 1042 269 1091 castra
284 1032 428 1088 fecerunt.
462 1025 578 1085 Deinde
591 1039 718 1104 postero
708 1017 855 1097 die‚sub

924 151 925 226 l

924 261 927 342 ι

925 355 927 460 l

103 1112 214 1169 montis
223 1111 369 1169 radrtrbus
382 1105 597 1183 acreeregrone
606 1109 762 1176 instructa,
771 1108 855 1166 nova

105 1201 177 1261 arte,
190 1191 219 1249 vi
232 1192 350 1249 summit
358 1186 499 1263 praelium
508 1187 733 1247 commiserunt
754 1188 854 1243 Nam·

105 1288 162 1345 que
176 1272 293 1327 arbores
304 1266 405 1325 multis
415 1266 488 1324 locis
484 1276 580 1350 erapt
589 1284 675 1333 rarae,
687 1268 743 1322 hoc
756 1268 857 1323 consi

105 1347 155 1419 liu,
167 1358 200 1407 ιιι
213 1358 243 1405 et
253 1356 336 1403 mont
338 1347 401 1403 ium
409 1338 581 1420 tegerentur
591 1343 651 1402 altit
640 1342 751 1414 tudine,
763 1356 793 1401 et
805 1362 857 1402 ar·

105 1421 209 1483 borum
223 1435 316 1481 tractu
339 1424 487 1497 equitatus
506 1423 639 1480 hostium
658 1421 858 1497 impediretur

106 1524 144 1563 ne
154 1501 346 1561 multitudine
362 1503 576 1559 clauderentur
608 1502 704 1568 Datis,
724 1501 780 1559 etsi
792 1521 857 1561 non

106 1586 206 1643 locum
226 1598 346 1657 aequum
358 1580 474 1639 videbat
487 1580 557 1651 suis,
577 1592 677 1639 tamen
691 1581 784 1639 fretus
791 1585 858 1641 ..nu

106 1681 192 1720 mero
205 1659 359 1750 copiarum
372 1679 502 1757 suarum,
521 1658 679 1737 confligere
692 1661 853 1739 cupiebat.

107 1741 201 1817 ebque
215 1739 321 1817 magis,
333 1742 413 1813 quod
424 1738 517 1816 prius,
531 1758 622 1813 quam
630 1730 854 1798 Lacedaemonii

107 1818 239 1877 subsidio
252 1818 392 1886 venirent,
413 1819 553 1877 dimicare
568 1818 638 1877 utile
649 1818 854 1877 arbitrabatur.

106 1888 230 1973 ltaque
223 1916 255 1954 ιιι
268 1899 363 1956 aciem
372 1898 506 1971 peditum
515 1907 643 1966 centum,
654 1896 788 1973 equitum
802 1900 857 1955 de·

108 1995 178 2034 cern
193 1975 285 2033 millia
304 1973 455 2052 produxit,
476 1973 672 2049 praeliumque
691 1976 859 2036 commisit„

108 2057 217 2129 In'quo
226 2054 306 2113 tantb
315 2056 382 2130 plus
400 2055 507 2111 virtute
527 2057 681 2112 valuerunt
692 2055 857 2112 Athenien·

109 2151 165 2202 ses,
178 2142 212 2190 ιιι
224 2131 439 2207 decemplicem
458 2151 620 2191 numerum
642 2133 771 2191 hostium
785 2152 856 2208 pru·

105 2212 262 2287 fligarent:
287 2211 415 2286 adebque
435 2223 668 2285 perterruerunt,
693 2224 725 2268 ut
751 2215 854 2271 Persae

107 2308 168 2347 non
179 2302 282 2360 castra,
294 2292 346 2347 sed
359 2308 446 2348 naves
455 2301 598 2365 peterent.
620 2290 688 2361 Qua
696 2293 799 2367 pugni
808 2292 855 2348 ni·

88 2406 91 2415 ι
110 2369 152 2427 hil
164 2370 258 2427 adhuc
271 2380 317 2427 est
329 2368 463 2440 nubibus,
474 2373 554 2427 nulla
562 2388 642 2427 emm
649 2387 781 2445 unquam
790 2380 855 2428 tarn

108 2448 220 2523 exigua
232 2466 336 2506 manus
346 2458 441 2533 tantas
452 2468 525 2523 opes
538 2449 703 2523 prostravit

138 2526 297 2619 Cynegiri
305 2546 421 2603 quoque
435 2527 538 2585 militis
557 2524 746 2586 Atheniensis
760 2528 856 2605 gloria

110 2605 228 2681 magnis
241 2608 332 2697 script
333 2624 419 2663 orum
432 2607 567 2663 laudibus
580 2609 724 2663 celebrata
736 2619 790 2675 est,
804 2610 854 2681 qui

111 2694 177 2755 post
190 2684 304 2757 praelii
298 2702 469 2741 innumeras
492 2683 693 2753 caedesscum
705 2684 853 2759 fugientes

111 2764 255 2823 hostesad
263 2782 353 2821 naves
363 2762 624 2838 egissebonustam
633 2780 738 2819 narem
746 2765 853 2821 dextra
