1875 3267
425 258 486 314 221

72 418 189 481 tesque
214 404 371 472 fabricatae,
388 404 419 463 in
444 404 553 480 quibus
573 404 640 479 equi
659 404 774 483 virique
794 416 825 467 et

72 486 133 544 alia
153 503 247 543 onera
266 483 484 559 trajicerentur.
537 484 670 558 Hispani,
682 486 743 543 sine
759 489 823 556 ¹ulla

70 566 158 623 mole
171 563 201 621 in
217 575 299 621 utres
312 559 494 621 vestimentis
504 560 653 638 conjectis,
665 562 720 637 ipsi
734 564 824 623 cetris

72 641 243 716 suppositis
254 641 437 710 incubantes,
456 642 570 701 flumen
581 645 742 699 tranavere.
783 640 823 701 Et

68 719 148 793 alius
162 720 315 781 exercitus
324 719 433 777 ratibus
443 718 554 796 junctis
564 718 711 794 traiectus,
720 722 823 779 castris
858 754 862 761 ·

70 797 171 873 prope
185 799 296 860 flumen
322 797 434 872 positis,
457 809 604 857 nocturno
617 797 720 855 itinere
734 810 821 871 atque

70 878 178 950 operis
186 879 284 935 labore
292 874 397 944 fessus,
405 875 505 950 quiete
515 875 600 933 unius
609 874 663 933 diei
678 875 821 947 reficitun

70 953 192 1013 intento
211 957 286 1013 duce
307 957 342 1013 ad
363 955 520 1013 consilium
548 953 711 1027 opportune
736 975 821 1013 exse·

70 1035 241 1107 quendum.
275 1036 403 1090 ‚Postero
421 1032 466 1089 die
481 1032 603 1105 profecti
615 1050 653 1089 ex
667 1035 741 1099 loco,
754 1051 820 1107 pro-

60 1111 134 1168 ·dito
148 1113 235 1169 furno
247 1111 414 1186 significant
424 1131 455 1168 se
467 1110 616 1179 transisse,
625 1120 655 1167 et
663 1112 741 1169 haud
753 1128 819 1185 pro·

72 1192 126 1246 cul
138 1194 254 1247 abesse.
262 1191 362 1259 *Quod
375 1190 424 1247 ubi
436 1190 548 1262 aceepit
558 1189 691 1257 Annibal,
700 1206 736 1247 ne
744 1202 819 1247 tem·

71 1268 141 1341 pori
150 1269 335 1340 deessetqdat
344 1268 464 1341 signum
476 1270 511 1323 ad
524 1267 736 1343 trajiciendum.
751 1270 827 1326 ‚lam

70 1359 193 1419 paratas
203 1357 370 1421 aptatasque
379 1348 498 1403 habebat
506 1347 595 1417 pedes
603 1345 722 1415 lintres;
736 1347 819 1420 equi-

71 1434 118 1481 tes
146 1422 210 1482 fere
223 1438 343 1498 propter
355 1442 445 1497 equos
458 1434 560 1481 nantes
573 1424 694 1481 navium
708 1444 817 1500 agmen

70 1504 109 1559 ad
137 1502 351 1577 excipiendum
376 1502 492 1560 adversi
515 1501 659 1577 impetum
688 1503 818 1563 lltnninis

72 1592 160 1654 parte
186 1582 334 1653 superiore
348 1581 556 1646 transmittens,
575 1581 816 1653 tranquillitatem

71 1659 154 1716 infra
168 1658 377 1735 trajicientibus
390 1657 523 1715 lintribus
536 1661 691 1731 praebebat.
719 1658 817 1732 Equo-

73 1755 144 1795 rum
158 1757 227 1811 pars
240 1755 348 1812 magna
369 1747 472 1793 nantes
492 1735 560 1793 loris
573 1732 591 1790 a
602 1735 747 1808 puppibus
760 1747 817 1795 tra·

73 1818 239 1885 bebantur3
258 1827 362 1891 prater
373 1833 433 1882 eos,
443 1830 519 1887 quos
531 1814 666 1871 instratos
679 1811 818 1869 frenatos·

73 1912 147 1967 que.
160 1907 194 1952 ut
206 1895 358 1969 externplb
371 1909 492 1969 egresso
500 1889 531 1947 in
542 1890 636 1965 ripam
645 1891 737 1965 equiti
749 1889 817 1949 usui

73 1984 188 2036 essent
199 1974 399 2047 imposuerant
408 1971 437 2028 in
450 1988 548 2026 naves.

114 2052 195 2109 Galli
208 2061 361 2109 occursant
372 2050 402 2105 in
416 2048 511 2121 ripam
524 2067 595 2105 cunt
604 2048 691 2107 variis
703 2048 817 2106 ululati-

73 2130 134 2184 bus
148 2141 294 2202 cantuque
307 2129 398 2185 moris
411 2126 476 2194 sui;
498 2126 660 2201 quatientes
673 2139 756 2185 scuta
769 2147 816 2185 su·

76 2225 133 2280 per
146 2208 249 2281 capita,
271 2209 474 2279 vibrantesque
493 2206 604 2263 dextris
617 2207 692 2274 tela3
714 2224 817 2281 quam·

76 2285 169 2359 quam
180 2298 209 2343 et
221 2305 259 2342 ex
274 2287 394 2343 adverso
408 2286 536 2344 terrebat
548 2294 628 2341 tanta
641 2283 685 2340 vis
698 2286 817 2343 navium

76 2382 151 2421 curn
164 2364 275 2438 ingenti
297 2382 368 2422 sono
387 2362 528 2429 fluminis,
541 2373 571 2419 et
591 2365 719 2419 clamore
737 2363 817 2421 vario

75 2452 235 2501 nautarum
248 2456 279 2501 et
291 2441 432 2509 militum,
444 2441 496 2516 qui
510 2439 673 2499 nitebantur
683 2459 818 2515 perrum-

75 2538 149 2594 pere
164 2520 312 2593 impetum
323 2518 463 2587 fluminis,
476 2529 505 2576 et
525 2520 574 2593 qui
596 2538 633 2577 ex
649 2516 740 2576 alteri
752 2520 818 2591 ripa

76 2597 257 2673 trajicientes
280 2616 348 2655 suos
365 2601 561 2655 hortabantur.
601 2594 667 2653 Jam
687 2596 756 2653 satis
769 2614 818 2669 pa-

76 2687 179 2735 ventes
192 2678 312 2733 adverso
324 2678 462 2742 tumultu,
475 2674 631 2732 terribilior
640 2675 675 2730 ab
687 2684 771 2747 tergo
787 2692 818 2732 a·

75 2755 328 2823 donus-clamor,
353 2753 457 2813 castris
470 2754 518 2865 Qaab
541 2754 685 2811 Hannone
717 2750 818 2825 captis.

429 2848 450 2885 τ
472 2866 488 2886 a
