1875 3267
471 285 532 338 338

125 419 182 484 nisi
197 427 289 502 quirin
302 429 489 494 adoleverint,
502 439 534 485 ut
546 446 657 489 munus
669 426 784 486 militiae
801 444 860 482 sus·

126 507 219 564 tinere
242 506 365 578 possint,
388 505 486 580 palam
500 509 536 566 ad
550 527 581 565 se
594 509 675 565 adire
690 511 749 564 'non
760 506 860 580 patian-

125 599 189 653 tur;
212 585 366 660 filiumque
390 586 419 642 in
438 587 544 660 puerili
559 599 641 644 atate
654 589 685 645 in
698 583 860 662 publianin

125 676 284 738 conspeetu
298 666 390 738 patris
403 666 547 733 assistere,
560 679 647 741 turpe
661 669 782 723 ducunt.
802 662 861 718 Viri

125 756 248 820 quantas
270 744 466 819 pecunias.ab
490 746 634 804 uxoribus
655 746 733 802 dotis
752 743 862 799 nomine

125 835 311 898 ascepenmt,
333 844 370 881 ex
386 821 446 882 suis
459 824 554 891 bonis,
577 844 603 884 ae
633 825 639 836 “
676 823 773 881 arione
786 820 863 888 facti,

126 903 318 960 cumdotibus
328 902 558 961 communicant.
612 942 615 953 ,
685 901 810 961 somnis
821 917 863 972 pe-

126 982 223 1040 cuniae
247 978 427 1056 conjunctim
448 982 521 1038 ratio
542 985 675 1049 habetur,
700 981 863 1053 fructusque

127 1074 288 1118 servantur.
310 1063 384 1118 Uter
394 1079 498 1118 colum
512 1061 571 1118 vica
585 1061 747 1135 superarit,
757 1060 795 1116 ad
803 1077 862 1115 eum

127 1159 193 1214 pars
207 1141 359 1213 utriusque
370 1159 438 1198 curn
449 1137 592 1197 fructibus
600 1141 789 1213 superiorum
799 1149 864 1194 tenr-

126 1237 231 1291 porum
248 1219 386 1291 pervenit.
409 1216 476 1274 Viri
488 1219 518 1274 in
531 1238 649 1286 uxores,
659 1217 751 1275 sicuti
763 1217 793 1273 in
805 1217 863 1273 libe·

125 1317 183 1366 ros,
210 1296 278 1354 vitae
305 1298 444 1370 necisque
480 1299 585 1354 habent
610 1293 810 1371 potestatem
840 1306 862 1348 ct

126 1375 219 1450 quum
234 1373 442 1447 paterfamilias
463 1376 623 1434 'illustriore
645 1377 713 1433 loco
728 1387 812 1432 natus
823 1376 862 1430 de·

126 1453 223 1520 cessit,
232 1453 297 1528 ejus
309 1453 465 1530 propinqui
480 1457 671 1521 conveniunt3
687 1465 718 1512 et
728 1455 766 1511 de
774 1466 862 1517 mone,

127 1534 148 1592 si
161 1553 208 1590 res
220 1531 250 1588 in
259 1532 458 1606 suspicionem
468 1535 557 1603 venit,
567 1537 603 1592 de
617 1534 764 1590 uxoribus
777 1533 807 1590 in
814 1549 862 1589 scr-

126 1615 212 1670 vilem
227 1613 348 1669 modum
368 1614 561 1684 quaestionem
576 1615 692 1681 habent,
710 1625 742 1669 et
757 1614 779 1670 si
794 1629 861 1668 com-

125 1707 246 1770 pertum
260 1703 315 1760 est,
327 1691 389 1766 igni
402 1703 489 1764 atque
503 1692 641 1750 omnibus
652 1692 864 1749 toi-memissa-

105 1805 107 1812 ·
126 1773 270 1832 cruciatos
284 1770 469 1828 interficiunt.
509 1769 625 1828 Funera
638 1783 707 1828 sunt
724 1789 779 1844 pro
792 1772 862 1825 cuitu

126 1853 281 1928 Gallorum
296 1847 461 1924 magnifica„
470 1860 499 1914 et
509 1860 690 1924 sumptuosa,
702 1851 863 1923 omniaque,

127 1951 194 2004 quae
207 1931 282 1986 'vivis
299 1929 380 1986 cordi
394 1928 484 1986 fuisse
506 1929 693 1995 arbitrantur,
715 1931 747 1986 in
771 1928 862 2001 ignem

126 2009 264 2077 inierunt,
277 2009 365 2064 etiam
381 2008 534 2066 animalia:
556 2027 590 2065 ae
600 2008 686 2083 paulo
697 2005 789 2080 supini
798 2010 862 2062 hanc

125 2086 313 2152 memoriam,
336 2088 421 2154 servi,
444 2101 474 2144 ct
494 2088 622 2152 clientes,
645 2107 720 2160 quos
733 2091 770 2144 ab
784 2084 863 2142 iisdi·

125 2168 217 2223 lectos
231 2185 295 2223 esse
309 2169 466 2235 constabat,
486 2166 573 2242 justis
591 2165 744 2222 funeribus
757 2165 864 2222 consec-

126 2247 173 2309 tis,
183 2245 240 2302 una
253 2247 465 2302 cremabantur.
507 2248 582 2314 Qnae
593 2246 728 2302 ciuitates
742 2263 864 2301 commo-

126 2323 194 2381 diris
208 2343 292 2381 suam
309 2325 535 2391 Remnublicam
553 2325 758 2380 administrare
773 2322 863 2379 existi-

126 2414 253 2471 muntur,
272 2405 378 2458 habent
391 2404 507 2477 legibus
520 2414 654 2476 sanctum
677 2403 701 2458 si
723 2401 790 2476 quis
803 2401 863 2474 qnid

126 2483 162 2537 cle
173 2482 247 2555 Rep.
259 2480 276 2537 ai
287 2481 418 2536 finitimis
433 2501 553 2537 rumore
567 2495 615 2539 aut
626 2481 705 2539 sarni
715 2482 864 2553 acceperit,

125 2560 168 2616 uti
183 2563 217 2616 ad
232 2559 438 2634 magistratum
449 2559 570 2619 deferat,
580 2559 651 2616 nevi·
662 2579 734 2616 cum
748 2559 864 2632 quoa-iio

124 2639 338 2694 communicet:
360 2637 439 2709 ‹urld
453 2640 532 2710 saep}
548 2639 684 2695 nomines
698 2638 864 2695 temerarios

125 2727 213 2786 atque
228 2717 377 2788 imperitos
392 2715 470 2772 salsis
484 2718 653 2773 rumoribus
666 2717 783 2783 terreri,
797 2717 864 2774 etad

124 2790 236 2846 facinus
251 2793 370 2864 impelii,
381 2807 408 2849 ct
423 2797 456 2850 de
472 2798 597 2857 suminis
611 2799 701 2855 rebus
714 2793 864 2852 consilinm
