1875 3267
425 257 488 315 3⁵7

77 403 149 480 pido
164 402 272 470 educit.
312 402 427 474 Nostri,
449 412 483 460 ut
503 403 703 476 superioribus
721 402 824 462 diebus

78 501 151 540 suus
176 483 285 558 cuique
311 493 374 540 erat
387 483 647 551 locusattrib'utus,
669 485 704 540 ad
726 483 824 540 muni-

74 561 173 618 tiones
187 563 349 630 accedunt;
371 561 468 620 fundis
488 559 631 618 librilibus
645 561 823 634 sudibusque

74 657 150 714 quas
163 641 194 696 in
208 639 297 714 opere
311 639 524 714 disposuerant,
539 658 572 696 ac
586 639 739 714 glandibus
752 640 823 698 Gal-

73 718 119 776 los
133 730 309 793 perterrent.
348 721 511 794 Prospectu
531 720 659 774 tenebris
677 717 823 792 adempto,

72 799 172 854 multa
184 797 334 871 utrimque
348 799 467 856 vulnera
480 796 671 869 accipiuntur,
691 800 823 870 complu·

72 877 276 948 ratormentis
289 878 347 934 tela
363 875 569 953 conjiciuntur.
609 879 652 934 At
675 875 705 928 Μ
711 912 718 930 .
732 879 824 932 Anto-

70 952 151 1022 nius,
164 968 195 1012 et
208 957 242 1012 C.
255 955 429 1023 Trebonius,
442 952 540 1028 legati,
550 955 655 1028 quibus
668 969 712 1011 eae
725 963 823 1026 partes

71 1033 109 1088 ad
123 1031 339 1092 defendendum
349 1036 537 1102 obvenerant,
545 1036 604 1106 qual
617 1043 747 1107 exparte
759 1049 824 1104 pre·

70 1111 117 1168 mi
138 1111 351 1182 intellexerant,
369 1111 408 1168 iis
430 1111 540 1169 auxilio
565 1129 605 1167 ex
631 1109 825 1168 ulterioribus

72 1191 203 1248 castellis
216 1191 357 1248 deductos
371 1188 588 1261 submittebant.
610 1188 693 1248 de
706 1187 824 1266 longius

70 1269 115 1338 ab,
126 1267 291 1326 munitione
305 1271 424 1328 aberant
437 1268 526 1336 Galli,
544 1271 613 1342 plus
634 1268 823 1326 multitudine

71 1347 202 1404 telorum
225 1346 434 1421 proficiebant:
454 1346 558 1421 postea
583 1345 674 1421 quam
700 1345 823 1422 propiis

72 1436 292 1496 successerunt,
313 1437 363 1485 aut
386 1425 478 1499 seipsi
499 1425 626 1485 stimulis
638 1426 825 1502 inopinantes

70 1501 252 1572 induebant;
275 1515 324 1563 aut
347 1505 377 1562 in
399 1508 517 1562 scrobes
530 1505 641 1580 delapsi
653 1504 824 1563 transfodie-

70 1582 179 1640 bantur
191 1605 200 1652 ;
214 1595 263 1641 aut
274 1585 404 1652 extollo,
413 1592 442 1640 et
451 1585 583 1641 turribus
595 1584 745 1658 transjecti
755 1583 823 1658 pilis

70 1661 239 1719 muralibus
252 1662 415 1720 interibant.
438 1661 545 1718 Multis
554 1659 685 1734 undique
696 1660 824 1718 vulneri·

68 1741 127 1795 bus
142 1739 280 1814 acceptis,
291 1743 374 1799 nulla
381 1739 546 1798 munitione
559 1736 709 1812 perrupta,
717 1739 823 1811 quum,

70 1819 126 1876 lux
140 1828 311 1892 appeteret3
333 1817 421 1887 viriti,
442 1835 480 1873 ne
493 1819 529 1875 ab
551 1819 641 1874 latere
661 1826 762 1890 aperto
782 1836 821 1873 ex

70 1897 273 1970 superioribus
287 1896 391 1955 castris
405 1895 558 1970 eruptione
572 1893 823 1953 circumveniren-

68 1984 132 2036 tur.
143 1995 175 2032 se
185 1977 221 2032 ad
231 1995 299 2034 suos
308 1984 498 2050 receperunt.
518 1977 561 2033 At
573 1973 737 2044 interiores,
747 1972 821 2032 ‹lrlm

70 2072 115 2122 ea,
130 2071 198 2126 quae
213 2052 488 2130 &Vercingetorige
502 2055 539 2111 ad
551 2055 733 2128 eruptionem
745 2071 822 2127 prae-

69 2140 174 2204 parata
183 2143 274 2203 erant,
283 2133 447 2204 proferunt,
459 2132 575 2206 priores
587 2130 679 2192 fossas
692 2135 820 2206 explent.

68 2207 194 2268 Diutius
219 2211 249 2270 in
274 2211 310 2268 iis
336 2213 422 2268 rebus
442 2211 681 2271 administrandis
705 2213 821 2274 morati,

69 2285 157 2362 priris
171 2307 240 2346 suos
254 2290 408 2351 dicessisse
423 2301 634 2366 cognoverunt,
647 2289 740 2367 quam
753 2309 821 2348 mu-

68 2365 232 2426 nitionibus
245 2369 524 2443 appropinquarent.
564 2365 610 2425 ltal
623 2389 654 2427 re
667 2367 776 2427 infecta
789 2370 820 2425 in

70 2445 213 2520 oppidum
227 2456 421 2519 reverterunt.

111 2523 164 2580 Bis
185 2543 296 2600 magno
318 2544 388 2584 cum
411 2525 587 2583 detrimento
609 2524 721 2601 repulsi
740 2523 819 2582 Galli

70 2601 143 2676 quid
156 2615 252 2678 agant,
261 2606 423 2662 consulunt.
452 2605 602 2662 Locorum
615 2603 726 2679 peritos
738 2603 819 2658 adhi-

70 2682 150 2738 bent.
191 2683 239 2740 Ab
261 2681 308 2740 his
333 2681 519 2756 superiorum
544 2695 709 2740 castrorum
736 2681 818 2749 situs,

71 2757 310 2836 munitionesque
323 2770 514 2838 cognoscunt.
541 2759 614 2817 Erat
627 2759 644 2816 a
658 2759 819 2831 Septentri-
