<?xml version="1.0" encoding="UTF-8"?>
<!DOCTYPE html PUBLIC "-//W3C//DTD XHTML 1.0 Transitional//EN"
    "http://www.w3.org/TR/xhtml1/DTD/xhtml1-transitional.dtd">
<html xmlns="http://www.w3.org/1999/xhtml" xml:lang="en" lang="en">
 <head>
  <title>
</title>
<meta http-equiv="Content-Type" content="text/html;charset=utf-8" />
  <meta name='ocr-system' content='tesseract 3.04.00' />
  <meta name='ocr-capabilities' content='ocr_page ocr_carea ocr_par ocr_line ocrx_word'/>
</head>
<body>
  <div class='ocr_page' id='page_1' title='image "./narrationesexce00watsgoog_0212.png"; bbox 0 0 1875 3267; ppageno 0'>
   <div class='ocr_carea' id='block_1_1' title="bbox 415 283 485 344">
    <p class='ocr_par' dir='ltr' id='par_1_1' title="bbox 415 283 485 344">
     <span class='ocr_line' id='line_1_1' title="bbox 415 283 485 344; baseline 0.043 -4"><span class='ocrx_word' id='word_1_1' title='bbox 415 283 485 344; x_wconf 76' lang='lat'>213</span> 
     </span>
    </p>
   </div>
   <div class='ocr_carea' id='block_1_2' title="bbox 69 428 834 1297">
    <p class='ocr_par' dir='ltr' id='par_1_2' title="bbox 69 428 834 1119">
     <span class='ocr_line' id='line_1_2' title="bbox 75 428 825 511; baseline 0 -20"><span class='ocrx_word' id='word_1_2' title='bbox 75 432 155 501; x_wconf 84' lang='lat' dir='ltr'>bale,</span> <span class='ocrx_word' id='word_1_3' title='bbox 168 432 219 509; x_wconf 90' lang='lat' dir='ltr'>qui</span> <span class='ocrx_word' id='word_1_4' title='bbox 232 432 375 501; x_wconf 73' lang='lat' dir='ltr'>dicerent,</span> <span class='ocrx_word' id='word_1_5' title='bbox 391 446 449 511; x_wconf 58' lang='lat' dir='ltr'>nac</span> <span class='ocrx_word' id='word_1_6' title='bbox 468 428 594 491; x_wconf 71' lang='lat' dir='ltr'>torosos</span> <span class='ocrx_word' id='word_1_7' title='bbox 606 431 736 499; x_wconf 85' lang='lat' dir='ltr'>adituros</span> <span class='ocrx_word' id='word_1_8' title='bbox 747 428 825 497; x_wconf 78' lang='lat' dir='ltr'>inter</span> 
     </span>
     <span class='ocr_line' id='line_1_3' title="bbox 79 509 825 587; baseline 0.004 -19"><span class='ocrx_word' id='word_1_9' title='bbox 79 522 198 569; x_wconf 87' lang='lat' dir='ltr'>tottam</span> <span class='ocrx_word' id='word_1_10' title='bbox 210 514 428 572; x_wconf 79' lang='lat' dir='ltr'>effraenatamm</span> <span class='ocrx_word' id='word_1_11' title='bbox 448 509 585 587; x_wconf 84' lang='lat' dir='ltr'>gentium</span> <span class='ocrx_word' id='word_1_12' title='bbox 606 530 705 573; x_wconf 84' lang='lat' dir='ltr'>arma:</span> <span class='ocrx_word' id='word_1_13' title='bbox 728 514 825 571; x_wconf 88' lang='lat' dir='ltr'>Anni·</span> 
     </span>
     <span class='ocr_line' id='line_1_4' title="bbox 77 588 825 668; baseline 0.003 -21"><span class='ocrx_word' id='word_1_14' title='bbox 77 590 148 657; x_wconf 80' lang='lat' dir='ltr'>bali,</span> <span class='ocrx_word' id='word_1_15' title='bbox 160 601 241 649; x_wconf 87' lang='lat' dir='ltr'>tanto</span> <span class='ocrx_word' id='word_1_16' title='bbox 252 588 423 661; x_wconf 72' lang='lat' dir='ltr'>discrimine</span> <span class='ocrx_word' id='word_1_17' title='bbox 434 605 654 661; x_wconf 84' lang='lat' dir='ltr'><strong>rerum‚operae</strong></span> <span class='ocrx_word' id='word_1_18' title='bbox 668 609 732 648; x_wconf 88' lang='lat' dir='ltr'>esse</span> <span class='ocrx_word' id='word_1_19' title='bbox 745 594 825 668; x_wconf 81' lang='lat' dir='ltr'>lega·</span> 
     </span>
     <span class='ocr_line' id='line_1_5' title="bbox 69 665 826 745; baseline 0.004 -20"><span class='ocrx_word' id='word_1_20' title='bbox 69 665 176 726; x_wconf 16' lang='lat' dir='ltr'>*tiones</span> <span class='ocrx_word' id='word_1_21' title='bbox 189 671 299 728; x_wconf 87' lang='lat' dir='ltr'>audire.</span> <span class='ocrx_word' id='word_1_22' title='bbox 332 670 511 744; x_wconf 70' lang='lat' dir='ltr'><strong>Apparebat,</strong></span> <span class='ocrx_word' id='word_1_23' title='bbox 525 686 583 725; x_wconf 90' lang='lat' dir='ltr'>non</span> <span class='ocrx_word' id='word_1_24' title='bbox 604 667 745 727; x_wconf 89' lang='lat' dir='ltr'>admissos</span> <span class='ocrx_word' id='word_1_25' title='bbox 758 689 826 745; x_wconf 87' lang='lat' dir='ltr'>pro-</span> 
     </span>
     <span class='ocr_line' id='line_1_6' title="bbox 78 743 826 826; baseline 0.005 -21"><span class='ocrx_word' id='word_1_26' title='bbox 78 743 163 805; x_wconf 73' lang='lat' dir='ltr'>tinus</span> <span class='ocrx_word' id='word_1_27' title='bbox 175 748 389 826; x_wconf 81' lang='lat' dir='ltr'>Carthaginem</span> <span class='ocrx_word' id='word_1_28' title='bbox 396 747 502 805; x_wconf 81' lang='lat' dir='ltr'>ituros.</span> <span class='ocrx_word' id='word_1_29' title='bbox 517 748 643 806; x_wconf 81' lang='lat' dir='ltr'>Litteras</span> <span class='ocrx_word' id='word_1_30' title='bbox 651 748 742 823; x_wconf 80' lang='lat' dir='ltr'>igitur</span> <span class='ocrx_word' id='word_1_31' title='bbox 750 768 826 809; x_wconf 89' lang='lat' dir='ltr'>nun·</span> 
     </span>
     <span class='ocr_line' id='line_1_7' title="bbox 81 825 826 905; baseline 0.003 -19"><span class='ocrx_word' id='word_1_32' title='bbox 81 825 206 900; x_wconf 82' lang='lat' dir='ltr'>ciosque</span> <span class='ocrx_word' id='word_1_33' title='bbox 226 830 262 885; x_wconf 88' lang='lat' dir='ltr'>ad</span> <span class='ocrx_word' id='word_1_34' title='bbox 283 826 433 901; x_wconf 81' lang='lat' dir='ltr'><strong>principes</strong></span> <span class='ocrx_word' id='word_1_35' title='bbox 451 825 586 885; x_wconf 83' lang='lat' dir='ltr'>factionis</span> <span class='ocrx_word' id='word_1_36' title='bbox 607 826 735 885; x_wconf 79' lang='lat' dir='ltr'>Barcina</span> <span class='ocrx_word' id='word_1_37' title='bbox 749 846 826 905; x_wconf 82' lang='lat' dir='ltr'><strong>prae·</strong></span> 
     </span>
     <span class='ocr_line' id='line_1_8' title="bbox 80 904 834 981; baseline 0.005 -20"><span class='ocrx_word' id='word_1_38' title='bbox 80 904 183 974; x_wconf 82' lang='lat' dir='ltr'>mittit,</span> <span class='ocrx_word' id='word_1_39' title='bbox 202 918 237 964; x_wconf 89' lang='lat' dir='ltr'>ut</span> <span class='ocrx_word' id='word_1_40' title='bbox 254 916 456 981; x_wconf 77' lang='lat' dir='ltr'><strong>praepararent</strong></span> <span class='ocrx_word' id='word_1_41' title='bbox 478 924 603 963; x_wconf 88' lang='lat' dir='ltr'>suorum</span> <span class='ocrx_word' id='word_1_42' title='bbox 637 906 760 974; x_wconf 87' lang='lat' dir='ltr'>animos,</span> <span class='ocrx_word' id='word_1_43' title='bbox 787 925 834 965; x_wconf 90' lang='lat' dir='ltr'>ne·</span> 
     </span>
     <span class='ocr_line' id='line_1_9' title="bbox 82 983 826 1061; baseline 0.005 -20"><span class='ocrx_word' id='word_1_44' title='bbox 82 984 156 1059; x_wconf 89' lang='lat' dir='ltr'>quid</span> <span class='ocrx_word' id='word_1_45' title='bbox 171 1002 238 1059; x_wconf 82' lang='lat' dir='ltr'>pars</span> <span class='ocrx_word' id='word_1_46' title='bbox 250 987 341 1043; x_wconf 86' lang='lat' dir='ltr'>altera</span> <span class='ocrx_word' id='word_1_47' title='bbox 362 983 522 1060; x_wconf 86' lang='lat' dir='ltr'>gratificari</span> <span class='ocrx_word' id='word_1_48' title='bbox 536 1003 589 1060; x_wconf 90' lang='lat' dir='ltr'>pro</span> <span class='ocrx_word' id='word_1_49' title='bbox 603 983 747 1043; x_wconf 86' lang='lat' dir='ltr'>Romanis</span> <span class='ocrx_word' id='word_1_50' title='bbox 760 1002 826 1061; x_wconf 86' lang='lat' dir='ltr'>pos·</span> 
     </span>
     <span class='ocr_line' id='line_1_10' title="bbox 84 1073 140 1119; baseline 0 0"><span class='ocrx_word' id='word_1_51' title='bbox 84 1073 140 1119; x_wconf 79' lang='lat' dir='ltr'>set.</span> 
     </span>
    </p>

    <p class='ocr_par' dir='ltr' id='par_1_3' title="bbox 82 1139 829 1297">
     <span class='ocr_line' id='line_1_11' title="bbox 122 1139 829 1218; baseline 0 -19"><span class='ocrx_word' id='word_1_52' title='bbox 122 1139 236 1216; x_wconf 76' lang='lat' dir='ltr'>Itaque,</span> <span class='ocrx_word' id='word_1_53' title='bbox 243 1140 530 1218; x_wconf 70' lang='lat' dir='ltr'>praeterquamquod</span> <span class='ocrx_word' id='word_1_54' title='bbox 544 1142 666 1203; x_wconf 77' lang='lat' dir='ltr'>admissi</span> <span class='ocrx_word' id='word_1_55' title='bbox 679 1140 829 1216; x_wconf 87' lang='lat' dir='ltr'>auditique</span> 
     </span>
     <span class='ocr_line' id='line_1_12' title="bbox 82 1218 827 1297; baseline 0 -20"><span class='ocrx_word' id='word_1_56' title='bbox 82 1231 172 1291; x_wconf 88' lang='lat' dir='ltr'>sunt;</span> <span class='ocrx_word' id='word_1_57' title='bbox 186 1240 221 1281; x_wconf 86' lang='lat' dir='ltr'>ea</span> <span class='ocrx_word' id='word_1_58' title='bbox 233 1240 350 1296; x_wconf 91' lang='lat' dir='ltr'><strong>quoque</strong></span> <span class='ocrx_word' id='word_1_59' title='bbox 362 1239 435 1279; x_wconf 87' lang='lat' dir='ltr'>vana</span> <span class='ocrx_word' id='word_1_60' title='bbox 446 1231 533 1297; x_wconf 88' lang='lat' dir='ltr'>atque</span> <span class='ocrx_word' id='word_1_61' title='bbox 549 1219 632 1279; x_wconf 89' lang='lat' dir='ltr'>irrita</span> <span class='ocrx_word' id='word_1_62' title='bbox 643 1220 751 1295; x_wconf 83' lang='lat' dir='ltr'>legatio</span> <span class='ocrx_word' id='word_1_63' title='bbox 763 1218 827 1285; x_wconf 86' lang='lat' dir='ltr'>fuit,</span> 
     </span>
    </p>
   </div>
   <div class='ocr_carea' id='block_1_3' title="bbox 79 1375 912 2906">
    <p class='ocr_par' dir='ltr' id='par_1_4' title="bbox 79 1375 912 2878">
     <span class='ocr_line' id='line_1_13' title="bbox 84 1375 828 1454; baseline 0.003 -19"><span class='ocrx_word' id='word_1_64' title='bbox 84 1378 271 1452; x_wconf 83' lang='lat' dir='ltr'>Responsum</span> <span class='ocrx_word' id='word_1_65' title='bbox 279 1375 385 1454; x_wconf 84' lang='lat' dir='ltr'>legatis</span> <span class='ocrx_word' id='word_1_66' title='bbox 393 1376 535 1441; x_wconf 83' lang='lat' dir='ltr'>Romanis</span> <span class='ocrx_word' id='word_1_67' title='bbox 544 1379 719 1447; x_wconf 89' lang='lat' dir='ltr'>est,Bellum</span> <span class='ocrx_word' id='word_1_68' title='bbox 727 1388 828 1439; x_wconf 89' lang='lat' dir='ltr'>ortum</span> 
     </span>
     <span class='ocr_line' id='line_1_14' title="bbox 81 1456 827 1533; baseline -0.001 -17"><span class='ocrx_word' id='word_1_69' title='bbox 81 1459 119 1516; x_wconf 91' lang='lat' dir='ltr'>ab</span> <span class='ocrx_word' id='word_1_70' title='bbox 130 1456 308 1532; x_wconf 82' lang='lat' dir='ltr'>Saguntinis,</span> <span class='ocrx_word' id='word_1_71' title='bbox 316 1474 375 1514; x_wconf 91' lang='lat' dir='ltr'>non</span> <span class='ocrx_word' id='word_1_72' title='bbox 382 1458 418 1517; x_wconf 89' lang='lat' dir='ltr'>ab</span> <span class='ocrx_word' id='word_1_73' title='bbox 430 1457 575 1515; x_wconf 83' lang='lat' dir='ltr'>Annibale</span> <span class='ocrx_word' id='word_1_74' title='bbox 584 1475 660 1515; x_wconf 84' lang='lat' dir='ltr'>esse.</span> <span class='ocrx_word' id='word_1_75' title='bbox 679 1459 827 1533; x_wconf 87' lang='lat' dir='ltr'><strong>Populum</strong></span> 
     </span>
     <span class='ocr_line' id='line_1_15' title="bbox 84 1533 828 1613; baseline 0 -18"><span class='ocrx_word' id='word_1_76' title='bbox 84 1538 255 1595; x_wconf 87' lang='lat' dir='ltr'>Romanum</span> <span class='ocrx_word' id='word_1_77' title='bbox 269 1533 378 1613; x_wconf 70' lang='lat' dir='ltr'>iniuste</span> <span class='ocrx_word' id='word_1_78' title='bbox 387 1533 493 1605; x_wconf 81' lang='lat' dir='ltr'>facere,</span> <span class='ocrx_word' id='word_1_79' title='bbox 504 1536 529 1593; x_wconf 91' lang='lat' dir='ltr'>si</span> <span class='ocrx_word' id='word_1_80' title='bbox 543 1536 721 1612; x_wconf 82' lang='lat' dir='ltr'>Saguntinos</span> <span class='ocrx_word' id='word_1_81' title='bbox 732 1547 828 1595; x_wconf 85' lang='lat' dir='ltr'>vetus·</span> 
     </span>
     <span class='ocr_line' id='line_1_16' title="bbox 82 1613 826 1689; baseline -0.001 -16"><span class='ocrx_word' id='word_1_82' title='bbox 82 1613 209 1676; x_wconf 85' lang='lat' dir='ltr'>tissimae</span> <span class='ocrx_word' id='word_1_83' title='bbox 219 1613 654 1689; x_wconf 87' lang='lat' dir='ltr'>Carthaginiensiumsocietati</span> <span class='ocrx_word' id='word_1_84' title='bbox 664 1625 826 1689; x_wconf 83' lang='lat' dir='ltr'>praeponat.</span> 
     </span>
     <span class='ocr_line' id='line_1_17' title="bbox 83 1691 912 1768; baseline 0.001 -18"><span class='ocrx_word' id='word_1_85' title='bbox 83 1691 305 1752; x_wconf 78' lang='lat' dir='ltr'>deRomani</span> <span class='ocrx_word' id='word_1_86' title='bbox 315 1702 437 1765; x_wconf 84' lang='lat' dir='ltr'>ternpus</span> <span class='ocrx_word' id='word_1_87' title='bbox 445 1701 548 1752; x_wconf 85' lang='lat' dir='ltr'>terunt</span> <span class='ocrx_word' id='word_1_88' title='bbox 557 1692 752 1768; x_wconf 85' lang='lat' dir='ltr'>legationibus</span> <span class='ocrx_word' id='word_1_89' title='bbox 761 1694 830 1753; x_wconf 88' lang='lat' dir='ltr'>mit·</span> <span class='ocrx_word' id='word_1_90' title='bbox 910 1726 912 1729; x_wconf 93' lang='lat'><em>-</em></span> 
     </span>
     <span class='ocr_line' id='line_1_18' title="bbox 83 1760 828 1845; baseline -0.005 -15"><span class='ocrx_word' id='word_1_91' title='bbox 83 1772 190 1839; x_wconf 87' lang='lat' dir='ltr'>tendis,</span> <span class='ocrx_word' id='word_1_92' title='bbox 203 1772 341 1832; x_wconf 71' lang='lat' dir='ltr'>Annibal,</span> <span class='ocrx_word' id='word_1_93' title='bbox 353 1760 424 1845; x_wconf 68' lang='lat' dir='ltr'>quid</span> <span class='ocrx_word' id='word_1_94' title='bbox 435 1768 551 1829; x_wconf 86' lang='lat' dir='ltr'>fessum</span> <span class='ocrx_word' id='word_1_95' title='bbox 571 1770 700 1827; x_wconf 89' lang='lat' dir='ltr'>militem</span> <span class='ocrx_word' id='word_1_96' title='bbox 713 1770 828 1843; x_wconf 85' lang='lat' dir='ltr'>praeliis</span> 
     </span>
     <span class='ocr_line' id='line_1_19' title="bbox 82 1846 829 1925; baseline -0.004 -13"><span class='ocrx_word' id='word_1_97' title='bbox 82 1848 281 1925; x_wconf 83' lang='lat' dir='ltr'><strong>operibusque</strong></span> <span class='ocrx_word' id='word_1_98' title='bbox 301 1850 433 1918; x_wconf 61' lang='lat' dir='ltr'>habebat</span> <span class='ocrx_word' id='word_1_99' title='bbox 458 1864 620 1922; x_wconf 81' lang='lat' dir='ltr'>paucorum</span> <span class='ocrx_word' id='word_1_100' title='bbox 649 1846 685 1903; x_wconf 88' lang='lat' dir='ltr'>iis</span> <span class='ocrx_word' id='word_1_101' title='bbox 711 1848 829 1909; x_wconf 77' lang='lat' dir='ltr'>dierunt</span> 
     </span>
     <span class='ocr_line' id='line_1_20' title="bbox 82 1926 830 2005; baseline -0.003 -18"><span class='ocrx_word' id='word_1_102' title='bbox 82 1929 218 2005; x_wconf 87' lang='lat' dir='ltr'>quietem</span> <span class='ocrx_word' id='word_1_103' title='bbox 231 1927 312 1986; x_wconf 88' lang='lat' dir='ltr'>dedit</span> <span class='ocrx_word' id='word_1_104' title='bbox 324 1949 336 2005; x_wconf 65' lang='lat' dir='ltr'>;v</span> <span class='ocrx_word' id='word_1_105' title='bbox 346 1926 520 1985; x_wconf 87' lang='lat' dir='ltr'>stationibus</span> <span class='ocrx_word' id='word_1_106' title='bbox 528 1928 563 1987; x_wconf 89' lang='lat' dir='ltr'>ad</span> <span class='ocrx_word' id='word_1_107' title='bbox 571 1926 736 1986; x_wconf 85' lang='lat' dir='ltr'>custodiam</span> <span class='ocrx_word' id='word_1_108' title='bbox 749 1926 830 1985; x_wconf 90' lang='lat' dir='ltr'>vine·</span> 
     </span>
     <span class='ocr_line' id='line_1_21' title="bbox 81 2002 829 2083; baseline -0.003 -18"><span class='ocrx_word' id='word_1_109' title='bbox 81 2007 373 2083; x_wconf 84' lang='lat' dir='ltr'>arum,aliorumque</span> <span class='ocrx_word' id='word_1_110' title='bbox 383 2023 509 2081; x_wconf 87' lang='lat' dir='ltr'><strong>operum</strong></span> <span class='ocrx_word' id='word_1_111' title='bbox 518 2002 674 2081; x_wconf 86' lang='lat' dir='ltr'>dispositis.</span> <span class='ocrx_word' id='word_1_112' title='bbox 702 2004 829 2063; x_wconf 81' lang='lat' dir='ltr'>Interim</span> 
     </span>
     <span class='ocr_line' id='line_1_22' title="bbox 83 2082 829 2159; baseline -0.001 -15"><span class='ocrx_word' id='word_1_113' title='bbox 83 2086 202 2144; x_wconf 83' lang='lat' dir='ltr'>attimos</span> <span class='ocrx_word' id='word_1_114' title='bbox 214 2103 319 2144; x_wconf 86' lang='lat' dir='ltr'><strong>eorum</strong></span> <span class='ocrx_word' id='word_1_115' title='bbox 332 2102 412 2144; x_wconf 88' lang='lat' dir='ltr'>nunc</span> <span class='ocrx_word' id='word_1_116' title='bbox 427 2084 473 2141; x_wconf 73' lang='lat' dir='ltr'>ira</span> <span class='ocrx_word' id='word_1_117' title='bbox 482 2082 513 2141; x_wconf 91' lang='lat' dir='ltr'>in</span> <span class='ocrx_word' id='word_1_118' title='bbox 526 2086 626 2143; x_wconf 87' lang='lat' dir='ltr'>hostes</span> <span class='ocrx_word' id='word_1_119' title='bbox 641 2082 829 2159; x_wconf 83' lang='lat' dir='ltr'>stimulando,</span> 
     </span>
     <span class='ocr_line' id='line_1_23' title="bbox 81 2162 829 2239; baseline -0.001 -16"><span class='ocrx_word' id='word_1_120' title='bbox 81 2183 165 2226; x_wconf 86' lang='lat' dir='ltr'>nunc</span> <span class='ocrx_word' id='word_1_121' title='bbox 180 2182 234 2238; x_wconf 88' lang='lat' dir='ltr'>spe</span> <span class='ocrx_word' id='word_1_122' title='bbox 246 2162 442 2239; x_wconf 72' lang='lat' dir='ltr'>praemiorum</span> <span class='ocrx_word' id='word_1_123' title='bbox 454 2165 597 2223; x_wconf 84' lang='lat' dir='ltr'>accendit.</span> <span class='ocrx_word' id='word_1_124' title='bbox 631 2166 674 2223; x_wconf 92' lang='lat' dir='ltr'>Ut</span> <span class='ocrx_word' id='word_1_125' title='bbox 688 2163 760 2222; x_wconf 78' lang='lat' dir='ltr'>vend</span> <span class='ocrx_word' id='word_1_126' title='bbox 773 2182 829 2239; x_wconf 86' lang='lat' dir='ltr'>pro</span> 
     </span>
     <span class='ocr_line' id='line_1_24' title="bbox 84 2242 831 2317; baseline 0 -16"><span class='ocrx_word' id='word_1_127' title='bbox 84 2242 229 2301; x_wconf 89' lang='lat' dir='ltr'>concione</span> <span class='ocrx_word' id='word_1_128' title='bbox 242 2244 375 2315; x_wconf 89' lang='lat' dir='ltr'>praedam</span> <span class='ocrx_word' id='word_1_129' title='bbox 388 2252 482 2317; x_wconf 85' lang='lat' dir='ltr'>captae</span> <span class='ocrx_word' id='word_1_130' title='bbox 496 2244 577 2301; x_wconf 87' lang='lat' dir='ltr'>urbis</span> <span class='ocrx_word' id='word_1_131' title='bbox 590 2244 685 2303; x_wconf 88' lang='lat' dir='ltr'>edixit</span> <span class='ocrx_word' id='word_1_132' title='bbox 698 2243 831 2303; x_wconf 89' lang='lat' dir='ltr'>militum</span> 
     </span>
     <span class='ocr_line' id='line_1_25' title="bbox 83 2320 829 2399; baseline -0.001 -19"><span class='ocrx_word' id='word_1_133' title='bbox 83 2322 158 2389; x_wconf 79' lang='lat' dir='ltr'>lore,</span> <span class='ocrx_word' id='word_1_134' title='bbox 167 2320 241 2378; x_wconf 79' lang='lat' dir='ltr'>aded</span> <span class='ocrx_word' id='word_1_135' title='bbox 254 2320 370 2395; x_wconf 81' lang='lat' dir='ltr'>accensi</span> <span class='ocrx_word' id='word_1_136' title='bbox 382 2338 488 2379; x_wconf 84' lang='lat' dir='ltr'>omnes</span> <span class='ocrx_word' id='word_1_137' title='bbox 501 2332 579 2392; x_wconf 89' lang='lat' dir='ltr'>sunt,</span> <span class='ocrx_word' id='word_1_138' title='bbox 590 2333 623 2381; x_wconf 88' lang='lat' dir='ltr'>ut</span> <span class='ocrx_word' id='word_1_139' title='bbox 637 2324 661 2380; x_wconf 88' lang='lat' dir='ltr'>si</span> <span class='ocrx_word' id='word_1_140' title='bbox 676 2324 829 2399; x_wconf 73' lang='lat' dir='ltr'>extemplo</span> 
     </span>
     <span class='ocr_line' id='line_1_26' title="bbox 83 2399 830 2476; baseline -0.005 -17"><span class='ocrx_word' id='word_1_141' title='bbox 83 2400 208 2476; x_wconf 88' lang='lat' dir='ltr'>signum</span> <span class='ocrx_word' id='word_1_142' title='bbox 220 2401 321 2458; x_wconf 87' lang='lat' dir='ltr'>datum</span> <span class='ocrx_word' id='word_1_143' title='bbox 334 2409 423 2467; x_wconf 88' lang='lat' dir='ltr'>esset,</span> <span class='ocrx_word' id='word_1_144' title='bbox 434 2400 518 2455; x_wconf 73' lang='lat' dir='ltr'>nulla</span> <span class='ocrx_word' id='word_1_145' title='bbox 530 2399 558 2457; x_wconf 88' lang='lat' dir='ltr'>vi</span> <span class='ocrx_word' id='word_1_146' title='bbox 571 2401 668 2459; x_wconf 81' lang='lat' dir='ltr'>resisti</span> <span class='ocrx_word' id='word_1_147' title='bbox 681 2400 830 2459; x_wconf 88' lang='lat' dir='ltr'>videretur</span> 
     </span>
     <span class='ocr_line' id='line_1_27' title="bbox 82 2476 831 2555; baseline 0.001 -19"><span class='ocrx_word' id='word_1_148' title='bbox 82 2497 181 2555; x_wconf 86' lang='lat' dir='ltr'>posse.</span> <span class='ocrx_word' id='word_1_149' title='bbox 222 2477 376 2553; x_wconf 84' lang='lat' dir='ltr'>Saguntini</span> <span class='ocrx_word' id='word_1_150' title='bbox 389 2488 422 2536; x_wconf 89' lang='lat' dir='ltr'>ut</span> <span class='ocrx_word' id='word_1_151' title='bbox 435 2476 452 2535; x_wconf 75' lang='lat' dir='ltr'>a</span> <span class='ocrx_word' id='word_1_152' title='bbox 466 2477 710 2553; x_wconf 72' lang='lat' dir='ltr'>praelisquieteni</span> <span class='ocrx_word' id='word_1_153' title='bbox 724 2480 831 2537; x_wconf 87' lang='lat' dir='ltr'>habue-</span> 
     </span>
     <span class='ocr_line' id='line_1_28' title="bbox 82 2558 830 2633; baseline -0.004 -17"><span class='ocrx_word' id='word_1_154' title='bbox 82 2567 160 2626; x_wconf 86' lang='lat' dir='ltr'>rant,</span> <span class='ocrx_word' id='word_1_155' title='bbox 171 2574 228 2614; x_wconf 89' lang='lat' dir='ltr'>nec</span> <span class='ocrx_word' id='word_1_156' title='bbox 242 2558 426 2626; x_wconf 82' lang='lat' dir='ltr'>lacessentes,</span> <span class='ocrx_word' id='word_1_157' title='bbox 445 2574 504 2615; x_wconf 87' lang='lat' dir='ltr'>nec</span> <span class='ocrx_word' id='word_1_158' title='bbox 515 2558 640 2621; x_wconf 85' lang='lat' dir='ltr'>lacessiti</span> <span class='ocrx_word' id='word_1_159' title='bbox 653 2576 708 2633; x_wconf 87' lang='lat' dir='ltr'>per</span> <span class='ocrx_word' id='word_1_160' title='bbox 720 2558 830 2633; x_wconf 80' lang='lat' dir='ltr'>aliquot</span> 
     </span>
     <span class='ocr_line' id='line_1_29' title="bbox 81 2633 829 2711; baseline -0.004 -16"><span class='ocrx_word' id='word_1_161' title='bbox 81 2636 164 2699; x_wconf 84' lang='lat' dir='ltr'>dies;</span> <span class='ocrx_word' id='word_1_162' title='bbox 186 2633 228 2691; x_wconf 72' lang='lat' dir='ltr'>ita</span> <span class='ocrx_word' id='word_1_163' title='bbox 240 2644 299 2692; x_wconf 85' lang='lat' dir='ltr'>non</span> <span class='ocrx_word' id='word_1_164' title='bbox 310 2645 407 2703; x_wconf 89' lang='lat' dir='ltr'>nocte,</span> <span class='ocrx_word' id='word_1_165' title='bbox 418 2654 478 2704; x_wconf 91' lang='lat' dir='ltr'>non</span> <span class='ocrx_word' id='word_1_166' title='bbox 490 2636 537 2693; x_wconf 91' lang='lat' dir='ltr'>die</span> <span class='ocrx_word' id='word_1_167' title='bbox 550 2635 683 2711; x_wconf 71' lang='lat' dir='ltr'>unquam</span> <span class='ocrx_word' id='word_1_168' title='bbox 695 2653 829 2707; x_wconf 84' lang='lat' dir='ltr'>cessave-</span> 
     </span>
     <span class='ocr_line' id='line_1_30' title="bbox 81 2716 829 2787; baseline -0.009 -12"><span class='ocrx_word' id='word_1_169' title='bbox 81 2724 151 2775; x_wconf 85' lang='lat' dir='ltr'>rant</span> <span class='ocrx_word' id='word_1_170' title='bbox 164 2718 231 2772; x_wconf 89' lang='lat' dir='ltr'>abo</span> <span class='ocrx_word' id='word_1_171' title='bbox 270 2733 312 2781; x_wconf 90' lang='lat' dir='ltr'>re,</span> <span class='ocrx_word' id='word_1_172' title='bbox 331 2726 365 2771; x_wconf 86' lang='lat' dir='ltr'>ut</span> <span class='ocrx_word' id='word_1_173' title='bbox 376 2733 485 2774; x_wconf 90' lang='lat' dir='ltr'>novum</span> <span class='ocrx_word' id='word_1_174' title='bbox 505 2731 627 2773; x_wconf 87' lang='lat' dir='ltr'><strong>murum</strong></span> <span class='ocrx_word' id='word_1_175' title='bbox 640 2718 675 2773; x_wconf 87' lang='lat' dir='ltr'>ab</span> <span class='ocrx_word' id='word_1_176' title='bbox 688 2716 724 2771; x_wconf 74' lang='lat' dir='ltr'>ea</span> <span class='ocrx_word' id='word_1_177' title='bbox 737 2721 829 2787; x_wconf 85' lang='lat' dir='ltr'>parte,</span> 
     </span>
     <span class='ocr_line' id='line_1_31' title="bbox 79 2791 830 2878; baseline -0.003 -25"><span class='ocrx_word' id='word_1_178' title='bbox 79 2795 145 2874; x_wconf 69' lang='lat' dir='ltr'>qua</span> <span class='ocrx_word' id='word_1_179' title='bbox 152 2803 220 2872; x_wconf 84' lang='lat' dir='ltr'>pate</span> <span class='ocrx_word' id='word_1_180' title='bbox 250 2803 331 2854; x_wconf 87' lang='lat' dir='ltr'>ctum</span> <span class='ocrx_word' id='word_1_181' title='bbox 340 2791 481 2878; x_wconf 66' lang='lat' dir='ltr'>oppidarn</span> <span class='ocrx_word' id='word_1_182' title='bbox 489 2792 582 2861; x_wconf 81' lang='lat' dir='ltr'>ruinis</span> <span class='ocrx_word' id='word_1_183' title='bbox 591 2792 830 2875; x_wconf 59' lang='lat' dir='ltr'>eranreliceteut,</span> 
     </span>
    </p>

    <p class='ocr_par' dir='ltr' id='par_1_5' title="bbox 861 2880 874 2906">
     <span class='ocr_line' id='line_1_32' title="bbox 861 2880 874 2906; baseline 0 0"><span class='ocrx_word' id='word_1_184' title='bbox 861 2880 874 2906; x_wconf 69' lang='grc' dir='ltr'>Ο</span> 
     </span>
    </p>
   </div>
   <div class='ocr_carea' id='block_1_4' title="bbox 0 0 942 3267">
    <p class='ocr_par' dir='ltr' id='par_1_6' title="bbox 0 0 942 3267">
     <span class='ocr_line' id='line_1_33' title="bbox 0 0 942 3267; baseline 0 0"><span class='ocrx_word' id='word_1_185' title='bbox 0 0 942 3267; x_wconf 95' lang='lat' dir='ltr'> </span> 
     </span>
    </p>
   </div>
  </div>
 </body>
</html>
