1875 3267
422 283 483 341 193
529 305 531 313 ·

39 471 43 473 t
70 437 213 517 petuam
220 424 340 485 firmare
352 446 468 503 pacem,
483 428 717 507 amicitiamque.
738 430 831 487 altem

72 504 258 576 consilio,
251 525 282 563 ιιι
311 510 420 565 multas
442 517 554 577 aetates,
576 510 690 584 quibus,
711 506 831 565 amissis

72 584 196 642 duobus
209 584 390 645 exercitibus
399 578 478 645 haud
490 586 574 645 facile
587 598 737 661 receptura
750 585 830 645 vires

74 662 219 721 Romana
240 682 289 722 res
310 677 398 733 esset,
416 669 529 724 bellum
549 666 686 724 differret
707 666 828 725 tertium

73 743 199 799 nullum
221 744 376 803 consitium
398 757 473 802 esse.
493 744 598 817 Quum
614 744 697 803 filius
721 744 853 818 aliiquc'

74 820 235 893 principes
246 824 464 912 percunctando
479 833 724 899 exsequerentur,
741 822 829 895 Quid,

77 898 107 954 si
121 901 260 956 media
235 920 283 958 vla
296 904 408 961 consilii
428 900 606 977 caperetur?
628 912 662 959 ut
683 910 713 960 et
732 900 830 959 dimit

78 986 221 1034 terentur
258 978 431 1049 incolumes,
462 994 492 1039 et
513 984 596 1069 leges
615 980 652 1039 iis
670 979 738 1057 Jure
763 979 830 1038 belli

80 1054 173 1111 victis
200 1053 453 1132 imponerentur²
458 1061 515 1118 ista
534 1057 675 1155 quidem
677 1058 830 1126 sententia,

81 1132 192 1209 inquit,
218 1154 254 1192 ea
285 1148 339 1205 est,
360 1156 428 1211 quae
453 1137 549 1212 neque
585 1140 699 1195 amicus
738 1148 830 1211 parat,

80 1212 194 1305 neque
202 1212 338 1271 inimicos
366 1215 450 1273 tollit
492 1216 609 1273 Servate
629 1213 738 1283 modb,
756 1234 829 1289 quos

79 1290 247 1371 igqominia
286 1294 486 1363 irritaveritis3
529 1315 564 1353 ea
602 1305 650 1363 est
694 1289 829 1353 Rbmana

80 1388 164 1446 gens,
172 1389 238 1447 quae
248 1371 324 1430 victa
337 1375 490 1449 quiescere
503 1372 624 1433 nesciet.
644 1371 736 1431 Vivet
749 1392 828 1431 sem·

77 1464 135 1521 per
164 1450 195 1507 in
224 1452 391 1525 pectoribus
420 1452 540 1511 illorum
579 1452 718 1527 quicquid
748 1450 827 1513 istde
856 1516 860 1521 ,

78 1545 213 1601 praesens
225 1532 385 1589 necessitas
394 1531 552 1589 inusserit:
572 1550 669 1605 neque
690 1550 741 1589 eos
759 1528 826 1589 ante

79 1605 260 1695 multiplices
272 1626 373 1683 poenas
383 1611 556 1699 expetitas
542 1632 559 1667 a
576 1610 658 1667 vobis
671 1610 826 1685 quiescere
849 1620 856 1626 “

82 1684 168 1741 sinet.
190 1687 303 1743 Neutra
315 1687 459 1745 sententia
472 1698 603 1763 accepta.

122 1764 294 1821 Herennius
314 1764 482 1823 domum
467 1786 484 1822 e
504 1766 607 1824 castris
627 1776 673 1823 est
699 1775 824 1823 avectus.

81 1842 149 1898 Et
141 1860 170 1898 ιιι
192 1844 293 1900 castris
319 1845 471 1920 Romanis,
491 1842 587 1921 qubm
608 1844 717 1901 frustra
741 1840 825 1902 multi

82 1931 203 1979 conatus
225 1924 260 1979 ad
275 1926 493 2014 erumpendum
508 1922 591 2015 capti¹
597 1920 703 2005 essent,
717 1932 746 1979 et
761 1923 825 1999 jam

83 2001 214 2057 omnium
224 2019 329 2065 rernm
344 2002 442 2076 inopia
455 2015 552 2071 esset;
566 1988 634 2060 victi
648 2001 822 2061 necessitate

80 2080 191 2154 legatos
218 2078 350 2147 mittunt,
370 2081 420 2153 qui
440 2081 573 2170 primum
587 2100 692 2155 pacem
707 2098 823 2157 aequam

82 2168 220 2229 peterent,
234 2157 257 2213 si
271 2169 377 2233 pacem
390 2176 450 2217 non
462 2159 662 2235 impetrarent,
688 2160 731 2217 uti
755 2178 823 2233 pro·

82 2245 219 2293 vocarent
241 2240 276 2294 ad
290 2254 431 2314 pugnam.
454 2236 537 2297 Ttm
552 2238 684 2306 Pontius,
698 2240 825 2297 debella·

82 2323 146 2370 tum
158 2331 224 2370 esse
237 2318 404 2391 respondit:
426 2327 454 2374 et
469 2316 609 2408 quoniam
623 2336 660 2376 ne
677 2316 746 2389 victi
759 2319 825 2393 qui·

85 2394 151 2449 dem
163 2410 197 2449 ac
211 2396 285 2465 capti
300 2395 447 2455 fortunam
461 2395 546 2453 fateri
560 2396 681 2485 scirent,
693 2396 823 2453 inermes
893 2397 896 2402 “

83 2488 153 2529 cum
166 2469 290 2547 siugulis
303 2475 489 2532 vestimentis
503 2474 588 2531 sub
578 2493 687 2561 Jugum
712 2475 822 2531 missu·-

82 2568 169 2607 rum.
191 2548 263 2607 alias
283 2554 460 2610 conditiones
474 2553 557 2629 pacis
579 2571 681 2629 aequas
692 2553 778 2611 vtctts
787 2571 822 2607 ac

83 2629 172 2687 victor
172 2629 237 2687 rbus
250 2628 329 2687 fore·
323 2650 417 2709 3agro
428 2631 607 2690 Samnitium
621 2634 775 2689 decederet
778 2646 822 2699 ur,

83 2708 200 2767 coioniae
215 2711 442 2780 abducerentur,
451 2712 513 2768 suis
527 2707 630 2767 deinde
640 2709 753 2785 legibus
764 2708 822 2762 Ru·

83 2804 197 2847 manum
211 2807 245 2848 ac
260 2790 426 2849 Samnitem
441 2807 527 2865 aequo
541 2786 651 2843 foedere
663 2786 821 2842 victurum.

432 2884 456 2923 n
