1875 3267
458 238 520 304 356

110 386 206 460 piures
220 383 256 438 ‹ie
270 381 430 455 improviso
443 382 594 453 vulnerati,
607 385 715 457 praelio
728 389 855 446 excede·

110 469 172 520 bant
186 483 193 517 ε
216 459 310 534 quum
322 479 391 517 suos
405 466 506 536 pugne
516 462 685 535 superiores
695 483 762 522 esse
774 467 853 522 Galli

109 541 283 600 confiderent
297 560 304 608 ς
327 551 355 596 et
369 552 484 597 nostros
496 540 594 612 premi
607 542 797 600 multitudine
811 546 853 600 vi-

108 623 226 685 dereut3
242 638 280 675 ex
296 617 435 674 omnibus
450 620 589 693 partibus,
602 631 632 675 et
646 620 675 688 ii,
690 623 743 695 qui
754 623 853 680 muni-

105 697 231 753 tionibus
245 696 476 765 continebantur,
499 707 528 752 et
542 695 572 765 ii,
591 698 642 771 qui
654 699 692 754 ad
705 691 852 759 auxiliirm

103 788 310 840 convenerant,
330 778 456 834 clamore
478 784 508 832 ct
523 778 638 833 ulutatu
653 795 775 834 suorum
788 778 853 834 ani·

102 872 169 910 mos
183 855 399 911 coniirnntbant.
440 853 527 923 Quod
541 853 571 909 in
584 867 740 928 conspectu
753 856 853 912 omni.

102 949 154 989 um
170 952 217 988 res
232 937 397 1008 gerebatur,
418 950 514 1006 neque
538 931 635 1011 recte,
648 943 698 990 aut
719 935 851 1008 turpiter

103 1011 216 1068 fuctum
232 1013 317 1068 celari
334 1022 463 1084 poterat;
486 1022 626 1085 utrosque
645 1022 674 1066 et
688 1013 783 1069 laudis
797 1033 850 1072 cu-

102 1092 216 1164 piditas,
235 1102 264 1147 ct
278 1093 364 1147 timor
378 1089 547 1163 ignominiae
565 1090 600 1146 ad
614 1087 751 1146 virtutem
764 1092 851 1148 exci-

102 1172 188 1226 tabat.
230 1169 331 1240 Quum
354 1167 371 1224 ai
385 1168 508 1225 meridie
527 1166 617 1243 propi
630 1168 664 1223 ad
678 1169 749 1224 solis
762 1189 850 1229 occa-

103 1267 166 1303 sum
183 1250 267 1304 <iunii
283 1247 405 1304 victorii
420 1258 607 1320 pugnaretur,
630 1245 771 1303 Germani
785 1253 849 1306 unii

102 1328 130 1381 in
146 1338 227 1398 parte
241 1326 379 1381 consertis
403 1325 511 1383 turmis
533 1326 561 1381 in
583 1325 681 1380 hostes
699 1324 849 1396 impetum

101 1405 242 1468 fecerunt,
256 1423 365 1477 eosque
387 1405 585 1476 propulerunt.
626 1403 740 1473 Quibus
753 1402 785 1458 in
800 1405 847 1462 fu·

102 1503 169 1556 gum
193 1484 342 1557 conjectis,
366 1482 507 1556 sagittarii
530 1481 731 1545 circumventi,
753 1481 845 1541 inter·

101 1561 225 1636 tectisue
240 1573 315 1618 sunt.
357 1561 432 1617 Item
446 1580 484 1616 ex
500 1559 621 1632 reliquis
634 1560 762 1632 partibus
777 1578 846 1619 nos-

100 1641 147 1706 tri,
161 1642 300 1697 cedentes
312 1660 406 1714 usque
421 1641 456 1697 ad
472 1652 560 1696 castra
575 1638 707 1706 insecuti,
725 1638 773 1694 sui
786 1643 848 1696 coi-

100 1721 211 1794 ligendi
226 1721 393 1776 sanititatem
406 1738 462 1775 non
477 1719 627 1774 dederunt.
649 1717 734 1784 Atti,
747 1720 846 1791 quial)

100 1801 203 1855 Alesii
230 1812 441 1872 processerant,
468 1795 573 1861 moesti,
599 1793 692 1869 prope
717 1796 847 1861 victorie

100 1879 263 1950 desperati,
272 1895 302 1932 se
313 1877 341 1932 in
357 1879 497 1951 oppidum
508 1885 692 1948 receperunt.
713 1873 784 1931 Uno
794 1873 843 1932 die

100 1952 279 2021 intermisso,
302 1956 390 2022 Galli,
416 1967 502 2029 atque
526 1955 582 2009 hoc
604 1952 707 2026 spatio,
730 1970 845 2028 magne

99 2034 234 2100 cratium,
258 2036 414 2100 scalarum,
437 2037 637 2107 harpagonum
661 2047 788 2086 numero
802 2031 845 2088 ef·

98 2113 186 2178 fectu,
202 2114 296 2168 mediat
311 2124 395 2169 noete
409 2113 523 2168 silentio
535 2128 574 2167 ex
595 2107 698 2166 castris
719 2110 846 2184 egressi,

99 2191 135 2247 ad
149 2201 326 2262 campestres
344 2191 523 2247 munitiones
544 2190 697 2246 accedunt.
716 2255 719 2259 ἴ
738 2188 844 2244 Subito

100 2271 228 2325 clamore
242 2271 361 2326 sublato.
373 2273 430 2342 qui
446 2266 668 2344 significatione,
682 2266 732 2339 qui
746 2265 778 2321 in
792 2285 845 2342 op·

98 2348 166 2422 pitto
179 2347 390 2414 obsidebantur,
409 2349 444 2405 de
459 2366 515 2404 suo
527 2347 651 2402 adventu
663 2363 845 2420 cognoscere

97 2438 225 2501 possent,
240 2439 333 2484 crates
343 2426 495 2502 projicere,
509 2425 615 2492 fundis,
628 2423 751 2498 sagittis,
769 2425 845 2497 iapi-

98 2507 182 2562 dibus
204 2519 316 2562 nostros
337 2507 372 2560 de
387 2507 462 2562 railo
485 2505 649 2570 deturbare,
669 2503 844 2574 reliquaque

96 2602 157 2656 quo
183 2586 218 2639 ad
243 2581 489 2656 oppugnationem
515 2582 670 2656 pertinent,
699 2580 845 2641 adminis-

95 2672 180 2716 trare.
201 2662 314 2717 Eodem
329 2671 470 2733 tempore,
491 2663 618 2716 elamore
631 2659 781 2723 exaudito,
794 2659 845 2716 dat

96 2741 167 2794 tubi
182 2741 299 2813 siguum
313 2737 372 2794 suis
386 2739 625 2816 Vercingetorix,
639 2748 727 2813 atque
740 2756 778 2795 ex
791 2753 844 2808 op·
925 2748 927 2783 t
