1875 3267
427 255 466 311 93

46 406 126 456 ratu
136 396 340 471 lamentisque
352 407 382 456 et
399 397 562 496 planctibus
578 409 638 456 tota
650 398 733 475 regia
746 413 814 486 per·

47 479 207 537 sonabatz
222 495 304 546 mox,
317 477 436 536 velutin
447 480 529 535 vasti
537 477 699 540 solitudine,
713 474 814 533 omnia

47 555 138 612 tristi
154 550 275 614 silentio
288 568 372 614 muta
391 560 555 634 torpebant,
575 557 611 612 ad
623 556 813 630 cogitationes

48 633 131 707 quid
152 632 260 692 deinde
282 634 415 694 futurum
438 645 517 693 esset
538 637 637 692 dolore
660 651 810 691 converso

50 712 193 771 Nobiles
207 715 293 804 pueri
310 714 450 772 custodiae
471 712 605 790 corporis
617 712 682 788 ejus
695 709 814 778 assueti,

49 807 115 848 nec
127 789 244 849 doloris
256 793 491 869 magnitudinem
500 809 678 870 eapere,nee
688 809 720 847 se
733 793 811 862 ipsos

51 869 141 927 intra
162 869 344 928 vestibulum
370 872 459 948 regiae
483 875 611 930 retinere
632 879 809 943 potuerunt3

24 953 26 956 ’
51 946 195 1022 vagique
217 958 247 1007 et
266 949 430 1007 fatentibus
449 949 570 1019 similes,
593 959 685 1006 totam
708 948 813 1006 urbem

54 1027 151 1083 luctu
165 1045 202 1083 ac
214 1045 342 1084 maerore
351 1030 580 1102 compleverant,
592 1025 682 1084 nullis
695 1024 814 1099 quaesti·

57 1105 121 1160 bus
136 1103 259 1180 omissis
272 1123 348 1180 quos
360 1104 390 1163 in
404 1108 454 1164 tali
464 1125 533 1164 casu
543 1109 625 1164 dolor
639 1101 785 1180 suggerit.

101 1181 191 1258 Ergd
206 1182 255 1256 qui
269 1193 353 1242 extra
366 1185 479 1261 regiam
492 1186 653 1252 astiterant,
674 1183 815 1242 Macedo-

56 1278 116 1320 nes
125 1261 238 1333 pariter
249 1263 434 1356 barbarique,
440 1275 620 1321 concurrunt
633 1283 640 1319 ε
661 1280 718 1318 nec
730 1269 813 1334 pote-

56 1349 127 1397 rant
140 1339 212 1398 victi
226 1339 312 1398 avict
301 1341 434 1400 toribus
426 1360 456 1399 ιιι
470 1342 622 1400 communi
641 1342 741 1400 dolore
754 1339 814 1396 dis-

56 1417 157 1478 cerni·
180 1419 312 1488 Persae,
301 1421 502 1496 justissimum
510 1441 544 1479 ae
556 1418 750 1480 mitissimum
760 1420 813 1476 do·

58 1493 193 1565 minum,
208 1499 395 1571 Macedones,
409 1501 556 1574 optimum
566 1519 601 1558 ac
613 1497 812 1556 fortissimum

59 1592 171 1662 regem
186 1575 364 1648 invocantes,
377 1589 529 1636 certarnen
542 1580 687 1651 quoddam
701 1595 811 1633 maero-

62 1651 108 1710 ris
122 1655 252 1712 edebant.
273 1657 337 1712 Nec
351 1667 526 1715 maestorum
540 1654 647 1724 sonim,
656 1655 709 1712 sed
721 1654 811 1711 etiam

63 1730 286 1808 indignantium
306 1752 394 1791 voces
408 1734 644 1802 exaudiebantur,
663 1744 727 1790 tam
744 1730 812 1788 viri-

65 1813 136 1868 dem
159 1819 188 1868 et
208 1811 238 1868 in
265 1813 339 1870 flore
363 1812 459 1871 aetatis
482 1813 677 1886 fortunaeque,
699 1809 810 1868 invidia
848 1842 856 1864 ι

67 1891 157 1948 desim
171 1901 306 1965 ereptum
326 1911 392 1949 esse
415 1894 504 1949 rebus
527 1889 673 1948 humanis.
714 1890 810 1964 Vigor

67 1967 134 2045 ejus
147 1979 175 2027 et
195 1973 291 2028 vultus
309 1969 459 2029 educentis
481 1971 511 2027 in
532 1971 669 2044 praelium
690 1968 809 2037 milites,

68 2048 205 2106 obsident
186 2058 224 2106 tis
238 2052 335 2120 ιιιιιει,
345 2049 514 2108 evadentis'
506 2068 537 2106 ιιι
545 2068 656 2114 muros,
668 2046 794 2105 fortes
767 2065 809 2103 vr-

68 2144 118 2183 ros
130 2127 180 2202 pro
189 2129 328 2186 concione
338 2129 480 2190 donantis
494 2131 689 2186 occurrebant
702 2128 807 2184 oeulis

72 2205 151 2262 Tum
169 2199 352 2265 Macedones
370 2209 491 2264 divinos
502 2209 629 2264 honores
641 2209 768 2281 negasse
780 2224 809 2260 er

71 2284 253 2358 paenitebat,
246 2286 587 2376 rmpiosqueetingratos
596 2284 684 2342 fuisse
695 2303 727 2341 se
738 2301 808 2340 con·

72 2362 221 2421 fitebantur
234 2362 345 2438 qued
322 2384 412 2424 aures
427 2363 493 2454 ejus
505 2361 601 2421 debitat
614 2355 807 2454 appellatione

73 2441 256 2500 fraudassent.
296 2433 336 2500 Et
349 2443 443 2517 quum
466 2441 528 2510 diu,
547 2461 627 2499 nunc
643 2444 674 2499 in
686 2458 807 2498 venera·

75 2521 156 2590 tione,
170 2522 292 2578 nuncin
313 2521 458 2580 desiderio
480 2523 560 2596 regis
581 2523 753 2586 haesissent;
775 2517 808 2573 in

77 2617 150 2674 ipsos
158 2619 240 2658 versa
248 2601 396 2660 miseratio
410 2611 463 2658 est
485 2601 660 2658 Macedonia
673 2595 807 2687 profecti,

78 2681 147 2737 ultra
155 2679 331 2752 Euphraten,
339 2679 444 2736 mediis
454 2679 586 2736 hostibus
595 2696 703 2733 novum
713 2676 808 2744 impe-

79 2759 151 2832 rium
169 2761 396 2834 aspernantibus,
417 2757 570 2816 destitutos
586 2774 618 2812 se
629 2773 693 2812 esse
707 2762 808 2810 cerne-
