1875 3267
453 257 517 316 246

126 402 290 500 subjectum
305 403 397 465 ocutis
410 401 493 473 vidit,
519 402 722 477 illacrymasse
743 399 857 458 dicitur.

124 478 234 578 purtim
247 481 354 556 gaudio
376 493 464 542 tantae
485 491 660 556 perpetrate
683 480 738 549 rei,
760 475 860 555 partim

124 563 239 620 vetustis
254 561 348 636 gloria
375 562 462 620 urbis.
509 559 741 619 Atheniensium
761 559 861 615 classes

125 641 279 703 demersae,
292 649 321 698 et
336 639 413 697 duo
406 649 544 716 ingentes
557 637 704 694 exereitus
717 654 789 693 cum
801 637 863 693 duo·

125 721 181 778 bus
198 715 387 776 electissimis
405 719 530 775 ducibus
543 715 639 783 deleti,
651 715 861 774 occurrebant:

124 807 154 854 et
166 805 209 852 tot
219 797 294 854 bella
312 813 382 854 cum
396 794 688 872 Carthaginiensibus
707 803 863 850 tantocum

127 873 301 934 discrimine
319 885 410 951 gesta,
422 885 464 933 tot
478 885 542 932 tam
553 873 684 947 opulenti
696 870 815 945 tyramri
826 889 864 928 re-

56 967 60 978 ’
126 971 261 1046 gesques
282 964 390 1027 praeter
403 964 531 1010 caeteros
543 953 647 1018 Hiero,
658 948 759 1026 quom
771 967 864 1006 recen·

126 1031 252 1092 tissimae
266 1031 419 1090 memoriae
433 1049 500 1101 rex,
511 1029 578 1087 ttim
591 1039 658 1086 ante
679 1028 792 1092 omnia,
804 1046 863 1101 quae

125 1110 220 1169 virtus
233 1128 261 1168 er
252 1107 447 1184 fortunaque
460 1128 515 1168 sua
526 1109 617 1165 deder
618 1111 656 1175 ιι,
669 1103 865 1165 beneficilisin

125 1191 269 1264 populum
283 1188 473 1246 Romanum'
465 1187 597 1263 insignis
638 1187 685 1244 Es
696 1184 797 1274 quum
809 1184 866 1241 uni·

126 1283 211 1324 versa
222 1277 413 1324 occurrerent
425 1267 534 1334 altimo,
542 1264 711 1338 subiretque
725 1261 866 1339 cogitatio,

124 1342 189 1420 jam
207 1343 257 1402 illa
273 1355 425 1402 momento
445 1347 527 1403 horae
541 1343 766 1410 arsumomnia,
789 1351 817 1398 et
835 1341 865 1397 ad

126 1421 241 1480 cineres
261 1422 409 1480 reditura.
431 1420 610 1512 priusquam
631 1419 866 1498 signaAchrsdi÷

125 1515 174 1558 nae
189 1499 365 1568 admoveret,
378 1501 534 1576 praemittit
543 1503 753 1573 Syracusanos,
764 1499 854 1573 qui
829 1497 865 1554 ir·

125 1575 172 1636 trti
184 1576 321 1653 praesidia
334 1576 477 1647 Romans,
484 1591 518 1636 ut
529 1577 596 1636 ιιιιιὲ
615 1578 729 1635 dictum
741 1586 800 1644 est,
812 1575 865 1634 fue·

126 1669 201 1724 rant,
214 1668 248 1715 ut
262 1655 389 1730 alloquio
401 1658 459 1716 leni
472 1657 650 1733 perlicerent
662 1659 763 1715 hostes
777 1656 813 1714 sd
825 1657 866 1712 de

126 1735 251 1795 dendsm
261 1738 374 1796 urbem

181 1815 336 1874 Tenebant
368 1815 545 1875 Achradinae
577 1824 677 1888 portas
707 1831 865 1888 murosque

127 1892 259 1954 maxime
248 1887 443 1968 transsugae‚
455 1894 560 1983 quibus
573 1894 652 1950 nulla
661 1902 724 1950 erat
737 1909 793 1965 per
804 1911 866 1948 con·

127 1969 252 2028 ditiones
265 1970 359 2029 veniae
373 1990 463 2046 spes
484 1971 505 2027 ii
518 1989 573 2030 neo
585 1971 665 2028 adire
678 1989 792 2040 muros,
816 1987 865 2027 nee

126 2047 237 2122 alloqui
257 2067 437 2124 quemquam
460 2049 549 2124 passi.
588 2047 690 2124 Itaqud
711 2050 866 2108 Marcellus

127 2125 286 2200 postquem
299 2125 328 2182 id
340 2125 507 2218 incoeptum
517 2127 714 2197 irritumluit,
726 2131 763 2188 ad
777 2127 866 2201 Eury·

128 2203 247 2260 alum
225 2221 309 2280 signa
321 2204 447 2262 referri
437 2206 532 2281 jussit
554 2208 703 2265 'stimulus
718 2206 807 2266 estin
820 2225 865 2264 ex·

127 2283 225 2338 tremi
238 2293 319 2354 parte
334 2283 414 2340 urbis
427 2303 478 2340 ver
479 2303 529 2343 sus
549 2283 567 2342 d
588 2305 648 2343 mar
655 2305 674 2354 1,
686 2286 803 2361 viaeque
815 2284 865 2342 im·

129 2356 248 2416 minens
261 2360 385 2418 ferenti'
378 2380 409 2418 ιιι
422 2381 520 2460 agros,
533 2363 834 2438 metliterraneaeque
827 2381 865 2420 ιιι-

131 2438 225 2496 sule:
246 2439 455 2510 percommode
468 2439 542 2500 situs
556 2443 592 2499 ad
609 2453 802 2500 commeatus
818 2460 865 2500 ex·

129 2515 288 2590 cipiendos.
347 2519 480 2578 Praeerat
503 2517 572 2577 lmic
592 2521 653 2581 arei
679 2521 865 2578 Philodemus

130 2595 318 2668 Argivus‚sb
334 2595 468 2670 Epicyde
484 2595 790 2673 impositusqadquem
799 2597 864 2656 mis·

128 2687 179 2730 eus
195 2671 212 2729 si
227 2673 369 2734 Marcello
383 2673 476 2744 Sosis,
494 2692 571 2733 unus
581 2694 619 2732 ex
633 2674 863 2734 interfectoribus

126 2750 251 2820 ommi,
264 2748 459 2833 qudmlongo
483 2769 619 2812 sermone
640 2751 740 2813 habito
764 2755 863 2815 dilatus
