1875 3267
414 265 476 359 17³5

71 420 181 481 iterum
192 419 221 474 in
229 435 302 490 pace
314 406 487 471 hauddubie
498 404 639 493 servavit,
647 399 753 487 quum
763 416 835 471 pro·

71 489 163 558 hibuit
175 495 298 568 migrati
312 492 423 549 Veios:
445 499 474 544 et
492 486 623 541 tribunis
645 498 716 537 rem
733 487 836 535 inteu-

71 577 130 635 tius
144 574 295 649 agentibus
309 581 374 645 post
388 568 540 624 incensam
550 562 670 626 urbem,
685 564 718 613 et
733 572 795 629 per
804 573 835 610 se

72 653 210 713 inclinata
224 651 320 726 magis
334 650 417 721 plebe
432 647 467 701 ad
482 641 513 698 id
527 639 710 697 consilium:
736 650 837 723 eaque

75 750 164 789 causa
177 730 232 787 fuit
245 747 304 786 non
313 725 477 784 abdicandae
489 729 555 794 post
562 716 766 803 triumphum
775 714 837 799 dic·

77 821 194 876 taturae‚
209 817 309 865 senatu
322 807 500 866 obsecrante,
512 816 550 855 ne
564 795 795 869 rempublicam
806 808 837 845 m

81 888 196 946 inceito
209 885 384 959 relinqueret
396 889 483 937 statu.

254 1229 534 1298 NARRATION
555 1228 650 1291 XXI.

136 1381 203 1440 Tne
217 1335 473 1461 punishment'of
486 1376 615 1440 Morcus
630 1374 793 1437 Manlius,

240 1522 334 1604 (Rom.
346 1521 415 1574 Hist.
427 1524 507 1575 Titus
518 1522 549 1573 L.
558 1522 625 1573 book
637 1520 675 1585 6.)

126 1650 192 1697 Tun
202 1647 276 1713 glory
285 1648 445 1698 andrenown
454 1647 539 1713 justty
549 1648 674 1713 acquired
687 1647 721 1711 by
734 1648 837 1698 Camil·

47 1742 50 1746 ·
94 1715 137 1765 lus
149 1714 175 1763 in
186 1715 231 1765 the
245 1716 346 1765 service
357 1714 390 1765 of
395 1715 436 1764 hie
448 1722 557 1777 country
570 1715 592 1763 is
603 1730 619 1763 a
630 1730 711 1763 cause
723 1713 757 1762 of
765 1715 835 1779 deep

96 1781 206 1844 chagrin
217 1790 244 1833 to
258 1785 299 1831 M.
309 1781 433 1831 Manlius.
459 1780 525 1828 This
539 1780 678 1833 Pati-iciun,
691 1780 834 1829 ambitious

97 1848 130 1896 of
145 1862 241 1911 power,
264 1847 394 1897 abandons
412 1848 457 1895 the
475 1845 597 1895 interests
614 1844 645 1895 of
657 1846 699 1895 bis
716 1846 796 1895 order
807 1854 836 1895 to

99 1912 161 1976 gain
170 1914 218 1971 the
231 1911 361 1975 suffrages
372 1911 403 1961 of
416 1913 463 1961 the
485 1912 614 1961 Plebiam.
651 1915 694 1960 He
711 1912 794 1975 hopes
807 1920 836 1961 to

15 2017 17 2044 Ξ
99 1976 207 2040 acquire
219 1978 330 2039 theceby
341 1980 387 2027 the
400 1991 522 2041 supreme
540 1994 641 2040 power:
662 1978 709 2025 but
726 1978 769 2027 his
781 1976 836 2027 fate

99 2040 237 2093 manifesta
248 2043 293 2090 the
305 2044 356 2090 end
367 2044 395 2093 oi
406 2052 475 2095 most
485 2041 516 2092 of
528 2046 575 2095 the
587 2042 736 2095 ambitione.

140 2167 244 2238 Quum
256 2165 319 2225 dies
331 2174 419 2242 venit,
435 2190 502 2247 quae
517 2183 624 2247 ptaeter
636 2182 728 2230 coetus
742 2173 837 2230 multi·

102 2247 211 2304 tudinis
229 2246 440 2325 seditiosasque
452 2272 549 2321 voces,
569 2262 598 2307 et
611 2250 793 2325 largitionem
809 2262 838 2311 et

84 2344 87 2350 ·
103 2324 191 2382 fallax
204 2327 355 2396 indicium,
375 2331 550 2403 peninentia
570 2328 686 2402 proprie
707 2330 742 2384 ad
755 2330 836 2405 regni

24 2425 27 2478 χ
104 2403 228 2465 crimen,
236 2409 271 2463 ab
279 2410 493 2465 accusatoribus
503 2411 614 2483 objecta
624 2407 680 2461 sint
690 2424 749 2473 reo,
762 2409 836 2479 apud

105 2483 256 2541 neminem
268 2497 417 2543 auctorem
429 2487 555 2543 invenio.
586 2486 615 2541 N
617 2503 651 2541 ec
659 2484 755 2542 dubito
763 2485 836 2541 haud

107 2575 197 2632 parva
208 2561 308 2630 fuisse,
321 2563 416 2635 qutim
429 2565 585 2619 damnandi
599 2580 682 2617 mora
694 2561 769 2633 plebi
781 2580 835 2618 non

107 2636 140 2694 in
154 2644 252 2706 causa,
265 2642 316 2695 sed
329 2641 358 2694 in
371 2643 437 2695 loco
448 2638 546 2693 fuerit.
586 2639 662 2693 Illud
683 2640 835 2695 notandum

108 2713 233 2785 videtur,
245 2727 278 2774 ut
290 2714 382 2771 sciant
395 2714 539 2783 nominee,
557 2732 618 2789 qua
633 2726 662 2773 et
675 2727 779 2791 quauta
790 2717 834 2773 de·
