<?xml version="1.0" encoding="UTF-8"?>
<!DOCTYPE html PUBLIC "-//W3C//DTD XHTML 1.0 Transitional//EN"
    "http://www.w3.org/TR/xhtml1/DTD/xhtml1-transitional.dtd">
<html xmlns="http://www.w3.org/1999/xhtml" xml:lang="en" lang="en">
 <head>
  <title>
</title>
<meta http-equiv="Content-Type" content="text/html;charset=utf-8" />
  <meta name='ocr-system' content='tesseract 3.04.00' />
  <meta name='ocr-capabilities' content='ocr_page ocr_carea ocr_par ocr_line ocrx_word'/>
</head>
<body>
  <div class='ocr_page' id='page_1' title='image "./narrationesexce00watsgoog_0342.png"; bbox 0 0 1875 3267; ppageno 0'>
   <div class='ocr_carea' id='block_1_1' title="bbox 427 252 489 307">
    <p class='ocr_par' dir='ltr' id='par_1_1' title="bbox 427 252 489 307">
     <span class='ocr_line' id='line_1_1' title="bbox 427 252 489 307; baseline 0.048 -3"><span class='ocrx_word' id='word_1_1' title='bbox 427 252 489 307; x_wconf 71' lang='lat'>347</span> 
     </span>
    </p>
   </div>
   <div class='ocr_carea' id='block_1_2' title="bbox 72 394 881 2752">
    <p class='ocr_par' dir='ltr' id='par_1_2' title="bbox 72 394 881 2752">
     <span class='ocr_line' id='line_1_2' title="bbox 73 394 826 471; baseline -0.001 -19"><span class='ocrx_word' id='word_1_2' title='bbox 73 395 201 454; x_wconf 81' lang='lat' dir='ltr'>dierum</span> <span class='ocrx_word' id='word_1_3' title='bbox 216 411 279 452; x_wconf 81' lang='lat' dir='ltr'>xxx</span> <span class='ocrx_word' id='word_1_4' title='bbox 295 397 412 463; x_wconf 81' lang='lat' dir='ltr'>habere,</span> <span class='ocrx_word' id='word_1_5' title='bbox 434 398 487 454; x_wconf 88' lang='lat' dir='ltr'>sed</span> <span class='ocrx_word' id='word_1_6' title='bbox 504 397 591 471; x_wconf 77' lang='lat' dir='ltr'>pauld</span> <span class='ocrx_word' id='word_1_7' title='bbox 605 397 694 456; x_wconf 80' lang='lat' dir='ltr'>ctiam</span> <span class='ocrx_word' id='word_1_8' title='bbox 708 394 826 471; x_wconf 77' lang='lat' dir='ltr'>longius</span> 
     </span>
     <span class='ocr_line' id='line_1_3' title="bbox 72 475 826 549; baseline 0 -19"><span class='ocrx_word' id='word_1_9' title='bbox 72 477 208 531; x_wconf 82' lang='lat' dir='ltr'>tolerare</span> <span class='ocrx_word' id='word_1_10' title='bbox 221 493 306 549; x_wconf 91' lang='lat' dir='ltr'>posse</span> <span class='ocrx_word' id='word_1_11' title='bbox 320 477 473 547; x_wconf 80' lang='lat' dir='ltr'>parcendo.</span> <span class='ocrx_word' id='word_1_12' title='bbox 505 478 561 533; x_wconf 88' lang='lat' dir='ltr'>His</span> <span class='ocrx_word' id='word_1_13' title='bbox 584 479 657 534; x_wconf 88' lang='lat' dir='ltr'>datis</span> <span class='ocrx_word' id='word_1_14' title='bbox 671 475 826 542; x_wconf 82' lang='lat' dir='ltr'>mandatis,</span> 
     </span>
     <span class='ocr_line' id='line_1_4' title="bbox 74 553 881 628; baseline -0.001 -20"><span class='ocrx_word' id='word_1_15' title='bbox 74 553 140 628; x_wconf 62' lang='lat' dir='ltr'>quel</span> <span class='ocrx_word' id='word_1_16' title='bbox 156 563 219 610; x_wconf 80' lang='lat' dir='ltr'>erat</span> <span class='ocrx_word' id='word_1_17' title='bbox 231 565 365 611; x_wconf 88' lang='lat' dir='ltr'>nostrum</span> <span class='ocrx_word' id='word_1_18' title='bbox 381 569 454 625; x_wconf 88' lang='lat' dir='ltr'>opus</span> <span class='ocrx_word' id='word_1_19' title='bbox 470 556 683 623; x_wconf 87' lang='lat' dir='ltr'>intermissum,</span> <span class='ocrx_word' id='word_1_20' title='bbox 697 554 826 612; x_wconf 65' lang='lat' dir='ltr'>secunda</span> <span class='ocrx_word' id='word_1_21' title='bbox 879 560 881 565; x_wconf 88' lang='lat'>&#39;</span> 
     </span>
     <span class='ocr_line' id='line_1_5' title="bbox 73 631 827 706; baseline 0.001 -20"><span class='ocrx_word' id='word_1_22' title='bbox 73 631 186 706; x_wconf 76' lang='lat' dir='ltr'>vigint</span> <span class='ocrx_word' id='word_1_23' title='bbox 195 633 311 689; x_wconf 89' lang='lat' dir='ltr'>silentio</span> <span class='ocrx_word' id='word_1_24' title='bbox 321 632 483 706; x_wconf 78' lang='lat' dir='ltr'>equitatum</span> <span class='ocrx_word' id='word_1_25' title='bbox 493 633 629 702; x_wconf 82' lang='lat' dir='ltr'>dimittit3</span> <span class='ocrx_word' id='word_1_26' title='bbox 644 633 827 704; x_wconf 84' lang='lat' dir='ltr'>frumentum</span> 
     </span>
     <span class='ocr_line' id='line_1_6' title="bbox 73 710 827 802; baseline 0.004 -35"><span class='ocrx_word' id='word_1_27' title='bbox 73 728 172 802; x_wconf 77' lang='lat' dir='ltr'>mnne</span> <span class='ocrx_word' id='word_1_28' title='bbox 193 713 229 768; x_wconf 82' lang='lat' dir='ltr'>ad</span> <span class='ocrx_word' id='word_1_29' title='bbox 249 730 281 767; x_wconf 88' lang='lat' dir='ltr'>se</span> <span class='ocrx_word' id='word_1_30' title='bbox 300 710 371 768; x_wconf 86' lang='lat' dir='ltr'>ferri</span> <span class='ocrx_word' id='word_1_31' title='bbox 390 713 489 789; x_wconf 87' lang='lat' dir='ltr'>jubet:</span> <span class='ocrx_word' id='word_1_32' title='bbox 513 713 615 786; x_wconf 85' lang='lat' dir='ltr'>capitis</span> <span class='ocrx_word' id='word_1_33' title='bbox 634 731 751 787; x_wconf 86' lang='lat' dir='ltr'>poenam</span> <span class='ocrx_word' id='word_1_34' title='bbox 780 710 827 778; x_wconf 75' lang='grc' dir='ltr'>ἰίε,</span> 
     </span>
     <span class='ocr_line' id='line_1_7' title="bbox 73 790 826 867; baseline -0.001 -21"><span class='ocrx_word' id='word_1_35' title='bbox 73 809 133 864; x_wconf 78' lang='lat' dir='ltr'>qui</span> <span class='ocrx_word' id='word_1_36' title='bbox 154 807 215 846; x_wconf 92' lang='lat' dir='ltr'>non</span> <span class='ocrx_word' id='word_1_37' title='bbox 236 790 396 861; x_wconf 77' lang='lat' dir='ltr'>paruerint,</span> <span class='ocrx_word' id='word_1_38' title='bbox 420 791 589 849; x_wconf 81' lang='lat' dir='ltr'>constitnit:</span> <span class='ocrx_word' id='word_1_39' title='bbox 619 809 719 866; x_wconf 82' lang='lat' dir='ltr'>pecus,</span> <span class='ocrx_word' id='word_1_40' title='bbox 739 791 826 867; x_wconf 84' lang='lat' dir='ltr'>cujus</span> 
     </span>
     <span class='ocr_line' id='line_1_8' title="bbox 75 867 827 944; baseline -0.004 -18"><span class='ocrx_word' id='word_1_41' title='bbox 75 886 195 944; x_wconf 81' lang='lat' dir='ltr'>magna</span> <span class='ocrx_word' id='word_1_42' title='bbox 207 881 270 926; x_wconf 83' lang='lat' dir='ltr'>erat</span> <span class='ocrx_word' id='word_1_43' title='bbox 283 871 318 925; x_wconf 88' lang='lat' dir='ltr'>ab</span> <span class='ocrx_word' id='word_1_44' title='bbox 333 870 501 927; x_wconf 80' lang='lat' dir='ltr'>Mandubiis</span> <span class='ocrx_word' id='word_1_45' title='bbox 515 873 668 942; x_wconf 86' lang='lat' dir='ltr'>compulsa</span> <span class='ocrx_word' id='word_1_46' title='bbox 681 867 773 940; x_wconf 82' lang='lat' dir='ltr'>copia,</span> <span class='ocrx_word' id='word_1_47' title='bbox 786 867 827 923; x_wconf 90' lang='lat' dir='ltr'>vi·</span> 
     </span>
     <span class='ocr_line' id='line_1_9' title="bbox 76 943 828 1028; baseline 0 -26"><span class='ocrx_word' id='word_1_48' title='bbox 76 943 168 1004; x_wconf 85' lang='lat' dir='ltr'>ritlm</span> <span class='ocrx_word' id='word_1_49' title='bbox 181 945 328 1028; x_wconf 78' lang='lat' dir='ltr'>distribuit</span> <span class='ocrx_word' id='word_1_50' title='bbox 339 969 347 1016; x_wconf 87' lang='lat'>;</span> <span class='ocrx_word' id='word_1_51' title='bbox 369 947 555 1007; x_wconf 86' lang='lat' dir='ltr'>frumentum</span> <span class='ocrx_word' id='word_1_52' title='bbox 568 946 668 1023; x_wconf 66' lang='lat' dir='ltr'>parce,</span> <span class='ocrx_word' id='word_1_53' title='bbox 687 956 716 1004; x_wconf 87' lang='lat' dir='ltr'>et</span> <span class='ocrx_word' id='word_1_54' title='bbox 729 949 828 1020; x_wconf 83' lang='lat' dir='ltr'>paula·</span> 
     </span>
     <span class='ocr_line' id='line_1_10' title="bbox 76 1021 828 1102; baseline -0.004 -20"><span class='ocrx_word' id='word_1_55' title='bbox 76 1021 140 1082; x_wconf 78' lang='lat' dir='ltr'>tim</span> <span class='ocrx_word' id='word_1_56' title='bbox 153 1025 254 1084; x_wconf 83' lang='lat' dir='ltr'>metiri</span> <span class='ocrx_word' id='word_1_57' title='bbox 267 1027 407 1084; x_wconf 82' lang='lat' dir='ltr'>instituit:</span> <span class='ocrx_word' id='word_1_58' title='bbox 430 1033 531 1102; x_wconf 81' lang='lat' dir='ltr'>copias</span> <span class='ocrx_word' id='word_1_59' title='bbox 551 1046 664 1094; x_wconf 89' lang='lat' dir='ltr'>onmes,</span> <span class='ocrx_word' id='word_1_60' title='bbox 686 1044 760 1101; x_wconf 82' lang='lat' dir='ltr'>quas</span> <span class='ocrx_word' id='word_1_61' title='bbox 773 1042 828 1098; x_wconf 86' lang='lat' dir='ltr'>pro</span> 
     </span>
     <span class='ocr_line' id='line_1_11' title="bbox 74 1101 828 1182; baseline -0.004 -22"><span class='ocrx_word' id='word_1_62' title='bbox 74 1104 196 1179; x_wconf 82' lang='lat' dir='ltr'>oppido</span> <span class='ocrx_word' id='word_1_63' title='bbox 209 1107 409 1173; x_wconf 72' lang='lat' dir='ltr'>collocaverat,</span> <span class='ocrx_word' id='word_1_64' title='bbox 421 1105 449 1161; x_wconf 89' lang='lat' dir='ltr'>in</span> <span class='ocrx_word' id='word_1_65' title='bbox 464 1108 610 1182; x_wconf 88' lang='lat' dir='ltr'>oppidum</span> <span class='ocrx_word' id='word_1_66' title='bbox 625 1104 736 1179; x_wconf 81' lang='lat' dir='ltr'>recipit.</span> <span class='ocrx_word' id='word_1_67' title='bbox 769 1101 828 1160; x_wconf 88' lang='lat' dir='ltr'>His</span> 
     </span>
     <span class='ocr_line' id='line_1_12' title="bbox 79 1183 827 1259; baseline -0.004 -20"><span class='ocrx_word' id='word_1_68' title='bbox 79 1183 248 1240; x_wconf 82' lang='lat' dir='ltr'>rationibus</span> <span class='ocrx_word' id='word_1_69' title='bbox 261 1185 373 1242; x_wconf 66' lang='lat' dir='ltr'>aemilio</span> <span class='ocrx_word' id='word_1_70' title='bbox 383 1186 488 1243; x_wconf 66' lang='lat' dir='ltr'>Galliae</span> <span class='ocrx_word' id='word_1_71' title='bbox 500 1195 667 1259; x_wconf 72' lang='lat' dir='ltr'>expectare,</span> <span class='ocrx_word' id='word_1_72' title='bbox 680 1195 709 1240; x_wconf 90' lang='lat' dir='ltr'>et</span> <span class='ocrx_word' id='word_1_73' title='bbox 718 1183 827 1238; x_wconf 89' lang='lat' dir='ltr'>bellum</span> 
     </span>
     <span class='ocr_line' id='line_1_13' title="bbox 79 1261 829 1337; baseline -0.005 -18"><span class='ocrx_word' id='word_1_74' title='bbox 79 1262 290 1320; x_wconf 82' lang='lat' dir='ltr'>administrare</span> <span class='ocrx_word' id='word_1_75' title='bbox 304 1275 394 1337; x_wconf 65' lang='lat' dir='ltr'>parat,</span> <span class='ocrx_word' id='word_1_76' title='bbox 424 1263 542 1336; x_wconf 88' lang='lat' dir='ltr'>Quibus</span> <span class='ocrx_word' id='word_1_77' title='bbox 556 1267 642 1320; x_wconf 86' lang='lat' dir='ltr'>rebus</span> <span class='ocrx_word' id='word_1_78' title='bbox 655 1261 780 1336; x_wconf 83' lang='lat' dir='ltr'>cognitis</span> <span class='ocrx_word' id='word_1_79' title='bbox 791 1278 829 1316; x_wconf 89' lang='lat' dir='ltr'>ex</span> 
     </span>
     <span class='ocr_line' id='line_1_14' title="bbox 81 1339 829 1418; baseline -0.004 -22"><span class='ocrx_word' id='word_1_80' title='bbox 81 1341 222 1418; x_wconf 72' lang='lat' dir='ltr'>perfrigis</span> <span class='ocrx_word' id='word_1_81' title='bbox 237 1355 267 1399; x_wconf 86' lang='lat' dir='ltr'>et</span> <span class='ocrx_word' id='word_1_82' title='bbox 280 1345 382 1416; x_wconf 81' lang='lat' dir='ltr'>captis,</span> <span class='ocrx_word' id='word_1_83' title='bbox 402 1345 506 1402; x_wconf 83' lang='lat' dir='ltr'>Caesar</span> <span class='ocrx_word' id='word_1_84' title='bbox 523 1344 588 1400; x_wconf 80' lang='lat' dir='ltr'>liaec</span> <span class='ocrx_word' id='word_1_85' title='bbox 608 1360 718 1418; x_wconf 86' lang='lat' dir='ltr'>genera</span> <span class='ocrx_word' id='word_1_86' title='bbox 731 1339 829 1396; x_wconf 88' lang='lat' dir='ltr'>muni·</span> 
     </span>
     <span class='ocr_line' id='line_1_15' title="bbox 81 1418 830 1494; baseline -0.004 -18"><span class='ocrx_word' id='word_1_87' title='bbox 81 1421 174 1478; x_wconf 84' lang='lat' dir='ltr'>tionis</span> <span class='ocrx_word' id='word_1_88' title='bbox 188 1421 321 1480; x_wconf 85' lang='lat' dir='ltr'>instituit.</span> <span class='ocrx_word' id='word_1_89' title='bbox 342 1423 462 1480; x_wconf 85' lang='lat' dir='ltr'>Fossam</span> <span class='ocrx_word' id='word_1_90' title='bbox 477 1424 585 1494; x_wconf 88' lang='lat' dir='ltr'>pedum</span> <span class='ocrx_word' id='word_1_91' title='bbox 601 1440 640 1476; x_wconf 86' lang='lat' dir='ltr'>xx</span> <span class='ocrx_word' id='word_1_92' title='bbox 656 1418 776 1477; x_wconf 86' lang='lat' dir='ltr'>directis</span> <span class='ocrx_word' id='word_1_93' title='bbox 790 1420 830 1473; x_wconf 85' lang='lat' dir='ltr'>la·</span> 
     </span>
     <span class='ocr_line' id='line_1_16' title="bbox 81 1496 829 1578; baseline -0.004 -23"><span class='ocrx_word' id='word_1_94' title='bbox 81 1499 198 1558; x_wconf 79' lang='lat' dir='ltr'>teribus</span> <span class='ocrx_word' id='word_1_95' title='bbox 209 1501 311 1570; x_wconf 75' lang='lat' dir='ltr'>duxit3</span> <span class='ocrx_word' id='word_1_96' title='bbox 332 1515 365 1560; x_wconf 92' lang='lat' dir='ltr'>ut</span> <span class='ocrx_word' id='word_1_97' title='bbox 386 1499 451 1578; x_wconf 82' lang='lat' dir='ltr'>ejus</span> <span class='ocrx_word' id='word_1_98' title='bbox 470 1503 567 1573; x_wconf 83' lang='lat' dir='ltr'>solum</span> <span class='ocrx_word' id='word_1_99' title='bbox 579 1496 765 1557; x_wconf 71' lang='lat' dir='ltr'>tantumdem</span> <span class='ocrx_word' id='word_1_100' title='bbox 779 1515 829 1571; x_wconf 83' lang='lat' dir='ltr'>pa·</span> 
     </span>
     <span class='ocr_line' id='line_1_17' title="bbox 82 1575 831 1655; baseline -0.007 -20"><span class='ocrx_word' id='word_1_101' title='bbox 82 1590 171 1648; x_wconf 84' lang='lat' dir='ltr'>teret,</span> <span class='ocrx_word' id='word_1_102' title='bbox 183 1579 326 1655; x_wconf 77' lang='lat' dir='ltr'>quantum</span> <span class='ocrx_word' id='word_1_103' title='bbox 341 1599 461 1636; x_wconf 84' lang='lat' dir='ltr'>sunnna</span> <span class='ocrx_word' id='word_1_104' title='bbox 474 1581 555 1636; x_wconf 86' lang='lat' dir='ltr'>labra</span> <span class='ocrx_word' id='word_1_105' title='bbox 566 1578 718 1635; x_wconf 82' lang='lat' dir='ltr'>distabant.</span> <span class='ocrx_word' id='word_1_106' title='bbox 750 1575 831 1632; x_wconf 70' lang='lat' dir='ltr'>Reli·¹</span> 
     </span>
     <span class='ocr_line' id='line_1_18' title="bbox 82 1654 830 1733; baseline -0.008 -20"><span class='ocrx_word' id='word_1_107' title='bbox 82 1675 161 1733; x_wconf 84' lang='lat' dir='ltr'>quas</span> <span class='ocrx_word' id='word_1_108' title='bbox 176 1661 279 1716; x_wconf 86' lang='lat' dir='ltr'>omnes</span> <span class='ocrx_word' id='word_1_109' title='bbox 299 1659 480 1716; x_wconf 83' lang='lat' dir='ltr'>munitiones</span> <span class='ocrx_word' id='word_1_110' title='bbox 494 1661 529 1714; x_wconf 85' lang='lat' dir='ltr'>ab</span> <span class='ocrx_word' id='word_1_111' title='bbox 550 1661 585 1713; x_wconf 64' lang='lat' dir='ltr'>ea</span> <span class='ocrx_word' id='word_1_112' title='bbox 607 1657 685 1715; x_wconf 64' lang='lat' dir='ltr'>fossi</span> <span class='ocrx_word' id='word_1_113' title='bbox 706 1654 830 1728; x_wconf 88' lang='lat' dir='ltr'>pedibus</span> 
     </span>
     <span class='ocr_line' id='line_1_19' title="bbox 85 1732 830 1809; baseline -0.007 -18"><span class='ocrx_word' id='word_1_114' title='bbox 85 1753 129 1792; x_wconf 80' lang='lat' dir='ltr'>co</span> <span class='ocrx_word' id='word_1_115' title='bbox 145 1739 280 1806; x_wconf 85' lang='lat' dir='ltr'>reduxit:</span> <span class='ocrx_word' id='word_1_116' title='bbox 302 1739 331 1796; x_wconf 90' lang='lat' dir='ltr'>id</span> <span class='ocrx_word' id='word_1_117' title='bbox 351 1741 406 1794; x_wconf 88' lang='lat' dir='ltr'>hoc</span> <span class='ocrx_word' id='word_1_118' title='bbox 420 1736 551 1804; x_wconf 87' lang='lat' dir='ltr'>consilio,</span> <span class='ocrx_word' id='word_1_119' title='bbox 564 1732 703 1809; x_wconf 55' lang='lat' dir='ltr'>quoniam</span> <span class='ocrx_word' id='word_1_120' title='bbox 716 1743 830 1788; x_wconf 84' lang='lat' dir='ltr'>tantum</span> 
     </span>
     <span class='ocr_line' id='line_1_20' title="bbox 84 1809 831 1891; baseline -0.011 -18"><span class='ocrx_word' id='word_1_121' title='bbox 84 1827 167 1874; x_wconf 88' lang='lat' dir='ltr'>esset</span> <span class='ocrx_word' id='word_1_122' title='bbox 180 1817 348 1875; x_wconf 75' lang='lat' dir='ltr'>neces-sarid</span> <span class='ocrx_word' id='word_1_123' title='bbox 370 1817 497 1891; x_wconf 86' lang='lat' dir='ltr'>spatium</span> <span class='ocrx_word' id='word_1_124' title='bbox 518 1815 703 1887; x_wconf 86' lang='lat' dir='ltr'>complexus,</span> <span class='ocrx_word' id='word_1_125' title='bbox 721 1829 777 1867; x_wconf 91' lang='lat' dir='ltr'>nec</span> <span class='ocrx_word' id='word_1_126' title='bbox 791 1809 831 1865; x_wconf 81' lang='lat' dir='ltr'>fa·</span> 
     </span>
     <span class='ocr_line' id='line_1_21' title="bbox 85 1890 831 1972; baseline -0.015 -18"><span class='ocrx_word' id='word_1_127' title='bbox 85 1894 142 1954; x_wconf 72' lang='lat' dir='ltr'>cile</span> <span class='ocrx_word' id='word_1_128' title='bbox 156 1907 251 1954; x_wconf 86' lang='lat' dir='ltr'>toturn</span> <span class='ocrx_word' id='word_1_129' title='bbox 264 1917 338 1972; x_wconf 89' lang='lat' dir='ltr'>opus</span> <span class='ocrx_word' id='word_1_130' title='bbox 359 1897 491 1953; x_wconf 80' lang='lat' dir='ltr'>militum</span> <span class='ocrx_word' id='word_1_131' title='bbox 509 1893 618 1949; x_wconf 64' lang='lat' dir='ltr'>cononi</span> <span class='ocrx_word' id='word_1_132' title='bbox 640 1890 831 1966; x_wconf 78' lang='lat' dir='ltr'>cingeretur3</span> 
     </span>
     <span class='ocr_line' id='line_1_22' title="bbox 83 1967 831 2050; baseline -0.015 -16"><span class='ocrx_word' id='word_1_133' title='bbox 83 1994 125 2034; x_wconf 84' lang='lat' dir='ltr'>ne</span> <span class='ocrx_word' id='word_1_134' title='bbox 136 1978 171 2032; x_wconf 89' lang='lat' dir='ltr'>de</span> <span class='ocrx_word' id='word_1_135' title='bbox 182 1977 350 2050; x_wconf 78' lang='lat' dir='ltr'>improviso,</span> <span class='ocrx_word' id='word_1_136' title='bbox 361 1988 410 2031; x_wconf 77' lang='lat' dir='ltr'>aut</span> <span class='ocrx_word' id='word_1_137' title='bbox 420 1984 517 2035; x_wconf 73' lang='lat' dir='ltr'>noctu,</span> <span class='ocrx_word' id='word_1_138' title='bbox 528 1973 564 2028; x_wconf 86' lang='lat' dir='ltr'>ad</span> <span class='ocrx_word' id='word_1_139' title='bbox 574 1967 753 2026; x_wconf 88' lang='lat' dir='ltr'>munitiones</span> <span class='ocrx_word' id='word_1_140' title='bbox 763 1969 831 2024; x_wconf 89' lang='lat' dir='ltr'>hos·</span> 
     </span>
     <span class='ocr_line' id='line_1_23' title="bbox 83 2046 831 2120; baseline -0.009 -10"><span class='ocrx_word' id='word_1_141' title='bbox 83 2055 164 2112; x_wconf 87' lang='lat' dir='ltr'>tium</span> <span class='ocrx_word' id='word_1_142' title='bbox 185 2056 344 2114; x_wconf 82' lang='lat' dir='ltr'>multitudo</span> <span class='ocrx_word' id='word_1_143' title='bbox 363 2055 518 2120; x_wconf 60' lang='lat' dir='ltr'>advolaret,</span> <span class='ocrx_word' id='word_1_144' title='bbox 541 2060 591 2106; x_wconf 86' lang='lat' dir='ltr'>aut</span> <span class='ocrx_word' id='word_1_145' title='bbox 614 2046 741 2105; x_wconf 73' lang='lat' dir='ltr'>interdiu</span> <span class='ocrx_word' id='word_1_146' title='bbox 772 2048 831 2104; x_wconf 83' lang='lat' dir='ltr'>tela</span> 
     </span>
     <span class='ocr_line' id='line_1_24' title="bbox 86 2128 831 2210; baseline -0.015 -19"><span class='ocrx_word' id='word_1_147' title='bbox 86 2139 117 2191; x_wconf 89' lang='lat' dir='ltr'>in</span> <span class='ocrx_word' id='word_1_148' title='bbox 132 2151 246 2194; x_wconf 87' lang='lat' dir='ltr'>nostros</span> <span class='ocrx_word' id='word_1_149' title='bbox 264 2135 346 2210; x_wconf 86' lang='lat' dir='ltr'>operi</span> <span class='ocrx_word' id='word_1_150' title='bbox 361 2131 520 2188; x_wconf 78' lang='lat' dir='ltr'>destinatos</span> <span class='ocrx_word' id='word_1_151' title='bbox 536 2128 683 2204; x_wconf 85' lang='lat' dir='ltr'>conjicere</span> <span class='ocrx_word' id='word_1_152' title='bbox 702 2135 831 2202; x_wconf 87' lang='lat' dir='ltr'>possent.</span> 
     </span>
     <span class='ocr_line' id='line_1_25' title="bbox 87 2205 832 2286; baseline -0.016 -14"><span class='ocrx_word' id='word_1_153' title='bbox 87 2216 156 2272; x_wconf 78' lang='lat' dir='ltr'>Hoc</span> <span class='ocrx_word' id='word_1_154' title='bbox 170 2215 338 2271; x_wconf 83' lang='lat' dir='ltr'>intermisso</span> <span class='ocrx_word' id='word_1_155' title='bbox 352 2212 454 2286; x_wconf 78' lang='lat' dir='ltr'>spati0,</span> <span class='ocrx_word' id='word_1_156' title='bbox 476 2213 547 2268; x_wconf 84' lang='lat' dir='ltr'>duas</span> <span class='ocrx_word' id='word_1_157' title='bbox 561 2208 662 2276; x_wconf 84' lang='lat' dir='ltr'>fossas,</span> <span class='ocrx_word' id='word_1_158' title='bbox 685 2224 725 2262; x_wconf 85' lang='lat' dir='ltr'>xv</span> <span class='ocrx_word' id='word_1_159' title='bbox 741 2205 832 2279; x_wconf 87' lang='lat' dir='ltr'>pedes</span> 
     </span>
     <span class='ocr_line' id='line_1_26' title="bbox 87 2284 833 2364; baseline -0.017 -12"><span class='ocrx_word' id='word_1_160' title='bbox 87 2298 171 2362; x_wconf 82' lang='lat' dir='ltr'>latas,</span> <span class='ocrx_word' id='word_1_161' title='bbox 184 2293 289 2351; x_wconf 72' lang='lat' dir='ltr'>eddom</span> <span class='ocrx_word' id='word_1_162' title='bbox 305 2290 463 2358; x_wconf 80' lang='lat' dir='ltr'>altitudine,</span> <span class='ocrx_word' id='word_1_163' title='bbox 478 2291 634 2364; x_wconf 83' lang='lat' dir='ltr'>perduxit:</span> <span class='ocrx_word' id='word_1_164' title='bbox 649 2303 777 2360; x_wconf 64' lang='lat' dir='ltr'>(puerum</span> <span class='ocrx_word' id='word_1_165' title='bbox 791 2284 833 2340; x_wconf 84' lang='lat' dir='ltr'>in·</span> 
     </span>
     <span class='ocr_line' id='line_1_27' title="bbox 87 2363 833 2444; baseline -0.02 -12"><span class='ocrx_word' id='word_1_166' title='bbox 87 2369 228 2432; x_wconf 77' lang='lat' dir='ltr'>terionem</span> <span class='ocrx_word' id='word_1_167' title='bbox 240 2371 463 2444; x_wconf 61' lang='lat' dir='ltr'>corripendum,</span> <span class='ocrx_word' id='word_1_168' title='bbox 478 2389 511 2426; x_wconf 80' lang='lat' dir='ltr'>ac</span> <span class='ocrx_word' id='word_1_169' title='bbox 520 2366 657 2424; x_wconf 84' lang='lat' dir='ltr'>demissis</span> <span class='ocrx_word' id='word_1_170' title='bbox 666 2365 747 2430; x_wconf 87' lang='lat' dir='ltr'>locis,</span> <span class='ocrx_word' id='word_1_171' title='bbox 757 2363 833 2436; x_wconf 67' lang='lat' dir='ltr'>aqui</span> 
     </span>
     <span class='ocr_line' id='line_1_28' title="bbox 90 2446 836 2520; baseline -0.023 -8"><span class='ocrx_word' id='word_1_172' title='bbox 90 2473 129 2512; x_wconf 88' lang='lat' dir='ltr'>ex</span> <span class='ocrx_word' id='word_1_173' title='bbox 144 2449 263 2510; x_wconf 86' lang='lat' dir='ltr'>flumine</span> <span class='ocrx_word' id='word_1_174' title='bbox 278 2451 418 2515; x_wconf 72' lang='lat' dir='ltr'>(lenitati,</span> <span class='ocrx_word' id='word_1_175' title='bbox 433 2446 601 2520; x_wconf 78' lang='lat' dir='ltr'>compleuit.</span> <span class='ocrx_word' id='word_1_176' title='bbox 636 2447 706 2501; x_wconf 80' lang='lat' dir='ltr'>Post</span> <span class='ocrx_word' id='word_1_177' title='bbox 719 2460 769 2498; x_wconf 82' lang='lat' dir='ltr'>eas</span> <span class='ocrx_word' id='word_1_178' title='bbox 784 2461 836 2515; x_wconf 76' lang='lat' dir='ltr'>ag-</span> 
     </span>
     <span class='ocr_line' id='line_1_29' title="bbox 91 2518 833 2609; baseline -0.022 -19"><span class='ocrx_word' id='word_1_179' title='bbox 91 2543 241 2609; x_wconf 84' lang='lat' dir='ltr'>gerem‚et</span> <span class='ocrx_word' id='word_1_180' title='bbox 252 2533 360 2586; x_wconf 71' lang='lat' dir='ltr'>sallum</span> <span class='ocrx_word' id='word_1_181' title='bbox 376 2547 424 2584; x_wconf 76' lang='lat' dir='ltr'>xrs</span> <span class='ocrx_word' id='word_1_182' title='bbox 439 2527 551 2600; x_wconf 82' lang='lat' dir='ltr'>pedum</span> <span class='ocrx_word' id='word_1_183' title='bbox 565 2521 722 2580; x_wconf 80' lang='lat' dir='ltr'>exstruxit.</span> <span class='ocrx_word' id='word_1_184' title='bbox 753 2518 833 2576; x_wconf 88' lang='lat' dir='ltr'>Huic</span> 
     </span>
     <span class='ocr_line' id='line_1_30' title="bbox 90 2597 833 2683; baseline -0.026 -13"><span class='ocrx_word' id='word_1_185' title='bbox 90 2609 211 2670; x_wconf 77' lang='lat' dir='ltr'>loricam</span> <span class='ocrx_word' id='word_1_186' title='bbox 235 2610 396 2683; x_wconf 78' lang='lat' dir='ltr'>pinnasque</span> <span class='ocrx_word' id='word_1_187' title='bbox 419 2604 537 2675; x_wconf 50' lang='lat' dir='ltr'>arlpcit,</span> <span class='ocrx_word' id='word_1_188' title='bbox 558 2603 718 2676; x_wconf 80' lang='lat' dir='ltr'>grandibus</span> <span class='ocrx_word' id='word_1_189' title='bbox 737 2597 833 2654; x_wconf 86' lang='lat' dir='ltr'>cervis</span> 
     </span>
     <span class='ocr_line' id='line_1_31' title="bbox 92 2681 836 2752; baseline -0.024 -3"><span class='ocrx_word' id='word_1_190' title='bbox 92 2688 288 2749; x_wconf 78' lang='lat' dir='ltr'>eminentibus</span> <span class='ocrx_word' id='word_1_191' title='bbox 310 2690 344 2744; x_wconf 80' lang='lat' dir='ltr'>nd</span> <span class='ocrx_word' id='word_1_192' title='bbox 367 2685 577 2743; x_wconf 81' lang='lat' dir='ltr'>commissuras</span> <span class='ocrx_word' id='word_1_193' title='bbox 595 2681 774 2752; x_wconf 86' lang='lat' dir='ltr'>pluteorum,</span> <span class='ocrx_word' id='word_1_194' title='bbox 794 2685 836 2731; x_wconf 88' lang='lat' dir='ltr'>at·</span> 
     </span>
    </p>
   </div>
   <div class='ocr_carea' id='block_1_3' title="bbox 92 2755 836 2850">
    <p class='ocr_par' dir='ltr' id='par_1_3' title="bbox 92 2755 836 2850">
     <span class='ocr_line' id='line_1_32' title="bbox 92 2755 836 2850; baseline -0.026 -24"><span class='ocrx_word' id='word_1_195' title='bbox 92 2791 149 2850; x_wconf 85' lang='lat' dir='ltr'>qm:</span> <span class='ocrx_word' id='word_1_196' title='bbox 171 2769 297 2848; x_wconf 64' lang='lat' dir='ltr'>aggeris,</span> <span class='ocrx_word' id='word_1_197' title='bbox 323 2765 373 2842; x_wconf 77' lang='lat' dir='ltr'>qui</span> <span class='ocrx_word' id='word_1_198' title='bbox 394 2766 569 2821; x_wconf 77' lang='lat' dir='ltr'>adscensum</span> <span class='ocrx_word' id='word_1_199' title='bbox 590 2757 721 2821; x_wconf 82' lang='lat' dir='ltr'>hostium</span> <span class='ocrx_word' id='word_1_200' title='bbox 744 2755 836 2825; x_wconf 60' lang='lat' dir='ltr'>tarde-</span> 
     </span>
    </p>
   </div>
   <div class='ocr_carea' id='block_1_4' title="bbox 0 0 963 3267">
    <p class='ocr_par' dir='ltr' id='par_1_4' title="bbox 0 0 963 3267">
     <span class='ocr_line' id='line_1_33' title="bbox 0 0 963 3267; baseline 0 0"><span class='ocrx_word' id='word_1_201' title='bbox 0 0 963 3267; x_wconf 95' lang='lat' dir='ltr'> </span> 
     </span>
    </p>
   </div>
  </div>
 </body>
</html>
