1875 3267
434 287 474 338 88

91 432 233 523 petitum
226 471 234 498 ,
247 427 309 520 jam
319 428 391 488 nihil
402 428 503 505 gloriar
513 426 623 491 deesse,
634 421 711 482 nihil
720 427 847 483 obstare

90 511 210 570 virtuti.
233 507 295 566 sine
310 509 369 565 ullo
385 508 491 564 Martis
501 503 681 594 discrimine,
692 503 759 561 sine
776 522 849 562 san·
919 498 920 505 '

91 587 181 666 guine
204 589 307 644 orbem
321 597 407 644 terrae
421 588 456 642 ab
471 585 528 642 illis
542 583 624 658 capi3
645 600 684 639 ne
697 594 846 640 naturam

90 667 211 742 quidem
224 663 343 742 longius
356 683 442 740 posse
455 664 625 751 procedere,
637 660 743 718 brevi
733 679 846 737 incog-

89 745 158 802 nita
171 744 228 802 nisr
219 743 463 812 'immortalibus‚
478 760 543 799 esse
554 740 679 796 visum
719 741 844 797 Paucos

89 833 188 881 tamen
197 821 316 900 navigio
326 821 424 880 emisit
434 821 463 877 in
474 821 570 895 ripam
578 818 846 909 quiagrestesva-

91 921 146 977 gos
159 903 341 977 exciperent,
362 900 377 956 ὲ
391 901 495 974 quibus
513 897 639 956 certiora
649 898 734 954 nosci
748 915 844 971 posse

89 984 235 1054 sperabat.
256 980 309 1048 illi,
330 975 449 1035 scrutati
464 995 563 1035 omma
573 974 703 1050 tuguria,
714 977 843 1032 tandem

89 1061 211 1118 latentes
221 1078 307 1134 repet
310 1077 369 1127 ere,
378 1057 437 1130 qui,
450 1055 621 1131 interrogati
630 1052 722 1143 quam
731 1055 844 1127 procul

89 1141 299 1207 abessetmare,
308 1131 736 1212 responderrmtnullumrpsos
744 1151 845 1202 mare,

89 1234 127 1274 ne
140 1218 220 1276 fama
241 1217 370 1292 quidem,
390 1214 557 1288 accepisse:
584 1209 731 1280 ceterum,
751 1211 844 1269 tertio

88 1293 135 1353 ‹lie
145 1295 291 1372 perveniri
301 1313 387 1370 posse
397 1295 433 1350 ad
441 1311 547 1366 aquam
555 1308 684 1348 amaram
694 1308 765 1363 quae
776 1309 846 1347 cor-

90 1375 384 1463 rumperetdulcem
425 1373 612 1428 Intellectum
625 1379 670 1426 est
678 1387 763 1426 mare
776 1369 846 1425 des-

88 1451 175 1508 tinari
192 1450 249 1508 ab
241 1449 354 1525 ignaris
374 1459 490 1505 natura
505 1448 589 1526 ejus.
612 1447 713 1534 itaque
725 1445 844 1523 ingenti

89 1523 843 1604 alacntatenautrcrremrgant‚etprox1moquoque
914 1562 918 1581 .

88 1608 147 1675 die,
160 1625 219 1682 quo
231 1605 355 1683 propius
369 1624 437 1682 spes
453 1608 675 1672 admovebatur,
691 1607 846 1664 crescebat

89 1688 175 1744 ardor
188 1687 366 1746 animorum.
388 1684 514 1743 Tertio
505 1705 568 1761 Jam
583 1682 632 1740 die
644 1682 774 1740 mixtum
786 1682 844 1739 flu·

87 1764 162 1824 mini
176 1768 288 1826 subibat
295 1783 388 1836 mare,
396 1765 454 1822 lent
464 1761 561 1822 adhuc
580 1771 655 1822 aestu
664 1760 845 1819 confunden-

87 1854 117 1902 te
128 1843 259 1938 dispares
267 1848 368 1904 undas.
389 1843 470 1902 Turn
484 1841 573 1901 aliam
582 1841 725 1907 insulam,
736 1841 843 1900 medio

88 1923 169 1982 amni
183 1926 279 1993 sitam,
299 1924 395 1982 evecti
410 1922 500 1997 paulo
513 1919 634 1989 lentius,
649 1919 720 1996 quia
732 1937 844 1976 cursus

91 2013 166 2060 aestu
179 2005 427 2069 reverberabatur‚
449 2003 600 2076 applicant
612 2001 751 2087 classem,
764 2009 795 2055 et
807 1998 845 2057 ad

88 2091 273 2168 commeatus
285 2081 428 2176 petentlos
439 2081 620 2170 discurrunt,
642 2075 742 2136 securi
757 2079 845 2136 casus
918 2138 919 2141 Ἴ

90 2157 156 2236 ejus
170 2157 221 2231 qui
235 2175 344 2231 superi
347 2157 408 2215 enit
420 2159 542 2234 ignaris.
612 2211 617 2218 .

130 2234 235 2292 'lertia
256 2235 348 2294 ferme
374 2239 446 2294 hora
466 2248 538 2304 erat,
563 2254 675 2308 quum
681 2236 756 2292 stata
779 2234 843 2291 tice

88 2318 235 2373 Oceanus
249 2326 420 2373 exaestuans
434 2315 534 2372 invehi
554 2316 642 2387 coepit
655 2324 686 2371 et
698 2312 778 2371 retro
791 2313 846 2370 flu-

89 2411 161 2452 men
175 2410 302 2467 urgere5
324 2397 403 2468 quod
425 2393 525 2468 primo
547 2395 723 2458 coercitum,
739 2390 843 2450 deindo

90 2469 843 2549 uehementiuspulsum‚rnajoreimpetuadversim

90 2553 233 2626 agebatur
244 2549 334 2628 quarn
349 2551 488 2608 torrentia
497 2552 645 2627 praecipiti
657 2549 843 2607 alveoincur-

89 2638 169 2686 runt.
200 2630 304 2705 Ignota
316 2631 405 2704 vulgo
415 2629 483 2686 freti
496 2642 599 2688 natura
613 2641 684 2694 erat,
697 2638 842 2687 monstra·

89 2725 149 2779 qne
164 2717 193 2764 et
206 2706 259 2766 irae
275 2710 364 2766 deum
386 2707 495 2766 indicia
515 2727 637 2767 cernere
659 2708 839 2769 videbantur.

94 2785 260 2844 Identidem
281 2787 483 2868 intumescere
500 2804 594 2857 mare,
616 2797 646 2844 et
668 2787 699 2843 in
719 2803 839 2860 campos
