1875 3267
468 259 531 332 3⁷0

135 409 186 466 sed
199 407 262 467 aliae
270 404 385 477 eodem,
394 402 472 463 unde
481 403 722 479 mammosam,
731 403 870 465 rafaneu-

135 498 202 554 tur;
223 486 286 544 aliae
307 488 343 542 ad
364 483 532 542 inferiorem
545 494 659 554 partem
672 481 789 551 insulae,
805 501 868 559 quae

134 575 178 621 est
192 563 311 638 propius
325 563 393 620 solis
405 580 555 630 occasum,
568 581 677 637 magno
686 563 736 616 sui
746 579 817 616 cum
825 567 913 636 pia-⁸

133 643 225 698 riculo
238 642 442 716 deiicerentur
463 640 539 710 Quae
547 650 657 708 tamen,
665 639 824 696 anchoris
812 658 871 714 με·
918 652 920 661 ·

131 719 179 786 tis,
202 739 274 778 cum
294 720 430 778 fluctibus
454 721 685 792 complerentur,
708 715 869 774 necessario
918 750 920 755 -

132 799 258 855 adversa
271 809 356 856 nocte
366 796 397 854 in
410 799 504 856 altum
514 796 873 868 provectae‚continentem
918 792 920 869 J

132 878 306 950 petiverunt.
327 876 443 932 Eadem
453 886 539 932 nocte
553 874 668 942 accidit,
677 876 871 936 utessetluna
918 872 920 875 ’

133 956 229 1026 plena,
244 974 309 1029 quae
324 954 386 1010 dies
399 953 565 1012 maritimos
579 964 668 1010 aestus
681 952 831 1010 maximos
843 951 869 1006 in

134 1031 255 1090 Oceano
268 1035 384 1090 efficere
397 1031 565 1091 consuevit:
586 1031 758 1106 nostrisque
767 1032 798 1088 id
811 1042 870 1087 erat
918 1036 920 1067 ³

133 1108 326 1187 incognitum.
351 1112 383 1168 ln
398 1129 457 1168 uno
469 1121 605 1185 tempore
618 1121 649 1166 et
661 1111 764 1185 longas
776 1127 869 1175 nares,

134 1189 243 1263 quibus
256 1193 358 1250 Caeaar
371 1189 538 1246 exercitum
550 1189 810 1260 transportandum
822 1204 874 1243 cua
918 1212 920 1219 ·

133 1279 259 1338 raverat,
269 1287 399 1344 quasque
408 1268 440 1324 in
452 1268 566 1326 aridum
580 1268 770 1334 subduxerat,
784 1275 870 1325 aestus

133 1350 316 1422 complebat:
338 1355 368 1402 et
392 1346 548 1413 onerarias,
574 1363 640 1420 quae
667 1345 705 1402 ad
729 1347 869 1404 anchoras

134 1437 217 1482 erant
231 1424 372 1500 deligata,
385 1435 544 1496 tempestas
564 1424 726 1482 afflictabat.
767 1420 869 1497 Neque

133 1503 193 1559 ulla
217 1504 323 1558 nostris
342 1503 470 1560 facultas
501 1513 550 1563 aut
573 1502 794 1562 administrandi
821 1510 869 1558 aut

135 1579 290 1638 auxiliandi
303 1581 431 1647 dabatur.
452 1581 662 1656 Complurrbns
670 1581 792 1638 navibus
801 1580 869 1638 frac-

134 1656 183 1724 tis,
206 1659 321 1735 reliqua
345 1657 438 1734 quum
461 1672 569 1729 essent,
590 1661 715 1724 funibus,
728 1658 868 1725 anchoris,

133 1737 312 1812 reliquisque
331 1737 524 1798 armamentis
536 1740 662 1808 arnissis,
682 1739 719 1796 ad
736 1739 868 1810 navigan·

134 1815 207 1872 dum
220 1817 349 1888 inutiles,
362 1835 478 1894 magna,
492 1818 520 1872 id
533 1819 609 1889 quod
621 1835 743 1877 necesse
757 1828 819 1874 erat
825 1834 869 1873 ac·

135 1895 243 1964 cidere,
261 1899 351 1954 totius
370 1894 516 1953 exercitas
535 1895 713 1968 perturbatio
732 1895 809 1952 facta
821 1904 867 1952 est.

134 1971 241 2047 Neque
256 1976 336 2032 enim
349 1993 438 2032 naves
448 1983 530 2030 erant
541 1972 617 2040 aliae,
624 1973 730 2048 quibus
744 1984 868 2048 reporta-
918 1986 920 2029 i

134 2049 159 2105 ri
169 2063 303 2122 possent,
325 2065 361 2111 et
366 2052 465 2112 omnia
479 2054 606 2119 deerant,
615 2071 681 2126 quae
692 2053 728 2110 ad
739 2053 869 2110 reficien-
918 2044 920 2079 ²

134 2127 185 2184 das
199 2147 247 2188 eas
257 2132 324 2187 usui
335 2143 418 2194 sunt;
438 2145 467 2187 ct
483 2131 562 2206 quod
575 2131 711 2189 omnibus
724 2133 868 2188 constabat

134 2205 264 2264 hiemare
274 2208 869 2282 mGaliraoportere,f1umentumhrsrnio

134 2302 178 2340 crs
185 2284 350 2343 inhremem
358 2304 508 2360 provisum
515 2306 572 2344 non
579 2301 648 2344 erat
659 2287 778 2357 Quibus
788 2291 871 2344 rebus

135 2365 270 2439 cognitis,
293 2365 442 2455 principes
462 2363 631 2432 Britanniae,
653 2367 702 2437 qui
723 2378 794 2440 post
805 2383 872 2438 pra·
918 2360 920 2371 '

134 2441 208 2500 lium
221 2445 256 2500 ad
270 2461 313 2511 ea,
322 2461 388 2518 quae
395 2444 521 2520 jusserat
533 2447 643 2512 Caesar,
657 2442 791 2502 facienda
805 2463 872 2502 con·

134 2531 282 2588 venerant,
307 2522 383 2578 inter
406 2539 436 2578 se
453 2522 598 2585 collocuti,
619 2541 689 2578 cum
709 2519 780 2596 equi
793 2542 836 2591 es,
846 2535 872 2578 et

133 2611 232 2662 naves,
245 2609 274 2654 et
294 2597 475 2656 frumentum
496 2596 638 2654 Romanis
649 2601 754 2656 deesse
768 2602 872 2659 intelli-

134 2685 237 2746 gerent
248 2696 255 2740 ;
277 2686 306 2731 et
319 2677 495 2748 paucitatem
508 2676 636 2734 miiitum
647 2695 694 2734 ex
705 2690 871 2736 castrorum
918 2682 920 2687 '

132 2750 293 2823 exiguitate
302 2763 531 2827 cognoscerent3
549 2772 616 2826 quae
626 2753 870 2813 hdcerantetiam

131 2829 308 2898 angustiora,
331 2828 410 2902 quod
431 2830 494 2888 sine
520 2829 744 2910 impedimentis
772 2836 870 2891 Caesar
