1875 3267
479 211 520 263 58

129 354 266 415 felicitate
278 351 385 419 solum,
398 352 548 409 sedetiam
562 351 698 423 aequitate
710 368 872 426 superave-

127 435 177 492 ris.
208 436 257 491 Tu
267 432 384 503 quidem
400 432 531 487 Matrem
544 449 603 497 me,
616 440 645 486 et
658 430 814 505 Reginam
824 447 871 486 vo·

127 532 176 569 cas
190 533 197 581 ;
208 506 264 568 ¹sed
275 528 330 584 ego
340 516 482 567 rne'tuam
490 508 631 566 famulam
642 528 707 565 esse
719 506 869 565 confiteor.

129 591 168 646 Et
183 590 337 665 praeteritae
353 588 476 645 fortunae
491 586 640 661 fastigium
655 586 739 661 capio
752 594 784 643 et
798 602 871 659 prae·

129 667 220 725 sentis
230 667 339 745 jugum
349 667 408 742 pati
420 684 560 740 possum:
582 666 634 720 tui
644 664 767 722 interest
780 680 872 735 quan·

125 743 191 803 tum
199 747 229 803 in
237 764 290 803 nos
299 744 420 813 licuerit,
431 745 455 801 si
465 744 496 801 id
505 740 603 819 potius
612 742 769 803 clementii
778 740 872 813 quim

127 822 289 883 saevitizitis
300 843 364 884 esse
373 832 521 880 testatum.
538 823 602 879 Rex
612 824 723 878 bonum
734 818 871 877 animum
929 867 930 874 ,

125 902 233 961 habere
253 922 303 961 eas
321 900 428 979 jussit3
452 900 536 958 Darii
555 900 658 958 deinde
679 898 777 956 filium
793 902 870 957 colio

124 999 179 1039 suo
191 981 326 1041 admovit.
356 983 454 1051 Atque
468 978 542 1036 nihil
554 977 604 1038 ille
618 987 778 1051 conspeetu
795 986 868 1035 tune

121 1059 254 1133 primum
268 1040 328 1117 t's'e
347 1056 403 1115 visi
425 1056 611 1126 conterritus,
631 1056 777 1113 cervicem
798 1056 867 1133 ejus

124 1138 259 1197 manibus
279 1136 483 1211 amplectitur:
504 1145 603 1193 motus
623 1154 696 1211 ergo
720 1152 774 1191 rex
797 1152 868 1192 eon-

123 1217 229 1274 stantii
242 1216 336 1291 pueri,
349 1214 593 1291 Hephaestionem
606 1214 743 1270 intuens:
764 1214 867 1284 Quam

122 1297 240 1363 vellem,
260 1293 360 1365 inquit,
381 1294 490 1351 Darius
510 1290 618 1363 aliquid
640 1310 679 1348 ex
693 1292 749 1347 hie
763 1290 864 1349 indole

121 1372 286 1430 hausisset!
302 1372 383 1427 Turn
390 1371 576 1428 tabernaculo
584 1388 729 1446 egressus.
751 1368 865 1427 Tribus

122 1449 190 1511 aris,
203 1449 234 1505 in
248 1448 313 1521 ripe
326 1448 424 1505 Pinari
437 1448 542 1515 amnis,
562 1449 627 1506 Jovi
640 1457 725 1520 atque
738 1448 865 1506 Herculi

121 1525 322 1598 Minervaeque
337 1525 466 1596 sacratis,
479 1526 611 1601 Syriam¹
624 1526 713 1597 petit;
734 1523 864 1584 Damas·

120 1606 206 1694 cum²
224 1603 273 1663 ubi
293 1605 373 1681 regis
392 1624 466 1682 gaza
485 1614 556 1673 erat,
574 1604 768 1664 Parmenione
780 1620 861 1677 prae·

116 1696 219 1741 misso.

156 1880 165 1911 r
183 1861 293 1925 Syriam,
305 1876 321 1909 a
332 1860 423 1925 region
435 1859 467 1909 of
477 1859 591 1911 Ancient
602 1860 684 1924 Syria,
704 1876 734 1908 or
744 1859 860 1926 Assyria

117 1930 145 1973 to
157 1925 203 1975 the
215 1933 289 1981 west,
303 1924 353 1974 and
365 1926 581 1990 borderingupon
589 1927 635 1975 the
643 1942 689 1975 sea
697 1925 731 1974 of
739 1926 826 1990 Syria,
832 1928 859 1978 is
928 1933 930 1994 Ῑ

117 2002 177 2037 now
189 1990 274 2039 called
288 1990 381 2039 Souris
391 2006 421 2040 or
433 1994 584 2052 Souresten,
596 2008 611 2040 a
622 1991 744 2055 province
753 1992 786 2042 of
793 1992 857 2044 Asi·

118 2052 291 2117 atic'rorkey.
515 2075 520 2083 ·

151 2122 351 2176 ²Damoecum,
371 2118 495 2186 formerly
510 2123 556 2173 the
573 2120 670 2187 capital
684 2120 716 2171 of
730 2124 858 2186 Syrinto
927 2115 928 2186 i

117 2183 164 2232 the
178 2180 276 2233 eastof
284 2183 372 2243 Sidon,
384 2202 440 2235 now
457 2188 543 2239 called
556 2191 791 2252 Serum-Damasei,
803 2190 858 2243 and
927 2193 928 2246 ἰ

103 2248 200 2310 xunrler
212 2249 257 2299 the
269 2249 398 2303 dominion
409 2252 440 2303 of
446 2254 492 2305 the
504 2254 600 2305 Turks.
927 2255 929 2274 ⁸
