<?xml version="1.0" encoding="UTF-8"?>
<!DOCTYPE html PUBLIC "-//W3C//DTD XHTML 1.0 Transitional//EN"
    "http://www.w3.org/TR/xhtml1/DTD/xhtml1-transitional.dtd">
<html xmlns="http://www.w3.org/1999/xhtml" xml:lang="en" lang="en">
 <head>
  <title>
</title>
<meta http-equiv="Content-Type" content="text/html;charset=utf-8" />
  <meta name='ocr-system' content='tesseract 3.04.00' />
  <meta name='ocr-capabilities' content='ocr_page ocr_carea ocr_par ocr_line ocrx_word'/>
</head>
<body>
  <div class='ocr_page' id='page_1' title='image "./narrationesexce00watsgoog_0183.png"; bbox 0 0 1875 3267; ppageno 0'>
   <div class='ocr_carea' id='block_1_1' title="bbox 464 309 526 380">
    <p class='ocr_par' dir='ltr' id='par_1_1' title="bbox 464 309 526 380">
     <span class='ocr_line' id='line_1_1' title="bbox 464 309 526 380; baseline 0 -15"><span class='ocrx_word' id='word_1_1' title='bbox 464 309 526 380; x_wconf 74' lang='lat'><strong>182</strong></span> 
     </span>
    </p>
   </div>
   <div class='ocr_carea' id='block_1_2' title="bbox 109 447 880 1863">
    <p class='ocr_par' dir='ltr' id='par_1_2' title="bbox 109 447 880 1863">
     <span class='ocr_line' id='line_1_2' title="bbox 126 447 877 533; baseline -0.003 -24"><span class='ocrx_word' id='word_1_2' title='bbox 126 451 290 521; x_wconf 85' lang='lat' dir='ltr'><strong>Romanus,</strong></span> <span class='ocrx_word' id='word_1_3' title='bbox 310 472 453 513; x_wconf 88' lang='lat' dir='ltr'><strong>mucrone</strong></span> <span class='ocrx_word' id='word_1_4' title='bbox 473 447 619 525; x_wconf 68' lang='lat' dir='ltr'><strong>suriecto,</strong></span> <span class='ocrx_word' id='word_1_5' title='bbox 641 454 747 533; x_wconf 71' lang='lat' dir='ltr'><strong>quiam</strong></span> <span class='ocrx_word' id='word_1_6' title='bbox 761 462 877 512; x_wconf 82' lang='lat' dir='ltr'><strong>scutum</strong></span> 
     </span>
     <span class='ocr_line' id='line_1_3' title="bbox 128 530 879 609; baseline -0.001 -22"><span class='ocrx_word' id='word_1_7' title='bbox 128 541 211 588; x_wconf 83' lang='lat' dir='ltr'><strong>scuto</strong></span> <span class='ocrx_word' id='word_1_8' title='bbox 231 533 328 591; x_wconf 91' lang='lat' dir='ltr'><strong>imum</strong></span> <span class='ocrx_word' id='word_1_9' title='bbox 348 533 533 609; x_wconf 86' lang='lat' dir='ltr'><strong>perculisset,</strong></span> <span class='ocrx_word' id='word_1_10' title='bbox 551 546 675 609; x_wconf 87' lang='lat' dir='ltr'><strong>totoque</strong></span> <span class='ocrx_word' id='word_1_11' title='bbox 698 550 830 605; x_wconf 89' lang='lat' dir='ltr'><strong>corpore</strong></span> <span class='ocrx_word' id='word_1_12' title='bbox 843 530 879 586; x_wconf 88' lang='lat' dir='ltr'><strong>in-</strong></span> 
     </span>
     <span class='ocr_line' id='line_1_4' title="bbox 128 608 879 685; baseline -0.001 -22"><span class='ocrx_word' id='word_1_13' title='bbox 128 608 219 666; x_wconf 87' lang='lat' dir='ltr'><strong>terior</strong></span> <span class='ocrx_word' id='word_1_14' title='bbox 231 611 364 685; x_wconf 88' lang='lat' dir='ltr'><strong>periculo</strong></span> <span class='ocrx_word' id='word_1_15' title='bbox 385 614 514 670; x_wconf 87' lang='lat' dir='ltr'><strong>vulneris</strong></span> <span class='ocrx_word' id='word_1_16' title='bbox 527 612 632 681; x_wconf 82' lang='lat' dir='ltr'><strong>factus,</strong></span> <span class='ocrx_word' id='word_1_17' title='bbox 654 612 839 669; x_wconf 81' lang='lat' dir='ltr'><strong>insinuasset</strong></span> <span class='ocrx_word' id='word_1_18' title='bbox 852 626 879 663; x_wconf 86' lang='lat' dir='ltr'><strong>se</strong></span> 
     </span>
     <span class='ocr_line' id='line_1_5' title="bbox 126 684 879 767; baseline 0 -24"><span class='ocrx_word' id='word_1_19' title='bbox 126 686 205 745; x_wconf 88' lang='lat' dir='ltr'><strong>inter</strong></span> <span class='ocrx_word' id='word_1_20' title='bbox 218 708 327 765; x_wconf 86' lang='lat' dir='ltr'><strong>corpus</strong></span> <span class='ocrx_word' id='word_1_21' title='bbox 346 710 496 766; x_wconf 84' lang='lat' dir='ltr'><strong>armaque,</strong></span> <span class='ocrx_word' id='word_1_22' title='bbox 509 709 568 747; x_wconf 94' lang='lat' dir='ltr'><strong>uno</strong></span> <span class='ocrx_word' id='word_1_23' title='bbox 588 694 746 767; x_wconf 82' lang='lat' dir='ltr'><strong>alteroque</strong></span> <span class='ocrx_word' id='word_1_24' title='bbox 763 684 879 747; x_wconf 70' lang='lat' dir='ltr'><strong>subindi</strong></span> 
     </span>
     <span class='ocr_line' id='line_1_6' title="bbox 127 764 880 845; baseline 0.003 -24"><span class='ocrx_word' id='word_1_25' title='bbox 127 764 190 823; x_wconf 90' lang='lat' dir='ltr'><strong>ictu</strong></span> <span class='ocrx_word' id='word_1_26' title='bbox 204 778 337 826; x_wconf 87' lang='lat' dir='ltr'><strong>ventrem</strong></span> <span class='ocrx_word' id='word_1_27' title='bbox 350 780 437 843; x_wconf 89' lang='lat' dir='ltr'><strong>atque</strong></span> <span class='ocrx_word' id='word_1_28' title='bbox 457 770 579 845; x_wconf 83' lang='lat' dir='ltr'>inguina</span> <span class='ocrx_word' id='word_1_29' title='bbox 592 770 704 830; x_wconf 67' lang='lat' dir='ltr'><strong>hausit,</strong></span> <span class='ocrx_word' id='word_1_30' title='bbox 724 780 759 825; x_wconf 84' lang='lat' dir='ltr'><strong>et</strong></span> <span class='ocrx_word' id='word_1_31' title='bbox 774 768 807 824; x_wconf 89' lang='lat' dir='ltr'><strong>in</strong></span> <span class='ocrx_word' id='word_1_32' title='bbox 822 782 880 838; x_wconf 79' lang='lat' dir='ltr'><strong>spe·</strong></span> 
     </span>
     <span class='ocr_line' id='line_1_7' title="bbox 126 846 878 923; baseline 0.001 -23"><span class='ocrx_word' id='word_1_33' title='bbox 126 846 206 902; x_wconf 89' lang='lat' dir='ltr'><strong>tium</strong></span> <span class='ocrx_word' id='word_1_34' title='bbox 219 846 321 923; x_wconf 82' lang='lat' dir='ltr'><strong>ingens</strong></span> <span class='ocrx_word' id='word_1_35' title='bbox 333 860 467 905; x_wconf 89' lang='lat' dir='ltr'><strong>ruentem</strong></span> <span class='ocrx_word' id='word_1_36' title='bbox 481 848 615 921; x_wconf 83' lang='lat' dir='ltr'>porrexit</span> <span class='ocrx_word' id='word_1_37' title='bbox 624 850 758 904; x_wconf 88' lang='lat' dir='ltr'><strong>hostem.</strong></span> <span class='ocrx_word' id='word_1_38' title='bbox 782 847 878 904; x_wconf 81' lang='lat' dir='ltr'><strong>lacen-</strong></span> 
     </span>
     <span class='ocr_line' id='line_1_8' title="bbox 127 923 877 999; baseline 0.001 -19"><span class='ocrx_word' id='word_1_39' title='bbox 127 924 166 981; x_wconf 86' lang='lat' dir='ltr'><strong>tis</strong></span> <span class='ocrx_word' id='word_1_40' title='bbox 178 923 246 982; x_wconf 66' lang='lat' dir='ltr'><strong>inde</strong></span> <span class='ocrx_word' id='word_1_41' title='bbox 257 944 371 999; x_wconf 74' lang='lat' dir='ltr'><strong>eorpus,</strong></span> <span class='ocrx_word' id='word_1_42' title='bbox 384 927 421 983; x_wconf 88' lang='lat' dir='ltr'><strong>ab</strong></span> <span class='ocrx_word' id='word_1_43' title='bbox 440 924 523 983; x_wconf 90' lang='lat' dir='ltr'><strong>omni</strong></span> <span class='ocrx_word' id='word_1_44' title='bbox 537 926 593 983; x_wconf 76' lang='lat' dir='ltr'><strong>alia</strong></span> <span class='ocrx_word' id='word_1_45' title='bbox 614 924 780 983; x_wconf 85' lang='lat' dir='ltr'><strong>vexatione</strong></span> <span class='ocrx_word' id='word_1_46' title='bbox 795 925 877 981; x_wconf 83' lang='lat' dir='ltr'><strong>intac-</strong></span> 
     </span>
     <span class='ocr_line' id='line_1_9' title="bbox 127 1003 877 1080; baseline 0 -21"><span class='ocrx_word' id='word_1_47' title='bbox 127 1012 204 1072; x_wconf 90' lang='lat' dir='ltr'><strong>tum,</strong></span> <span class='ocrx_word' id='word_1_48' title='bbox 217 1022 276 1060; x_wconf 90' lang='lat' dir='ltr'><strong>uno</strong></span> <span class='ocrx_word' id='word_1_49' title='bbox 295 1014 399 1079; x_wconf 85' lang='lat' dir='ltr'><strong>torque</strong></span> <span class='ocrx_word' id='word_1_50' title='bbox 418 1003 568 1079; x_wconf 83' lang='lat' dir='ltr'><strong>spoliavit:</strong></span> <span class='ocrx_word' id='word_1_51' title='bbox 590 1022 680 1080; x_wconf 86' lang='lat' dir='ltr'><strong>quem</strong></span> <span class='ocrx_word' id='word_1_52' title='bbox 704 1021 877 1078; x_wconf 79' lang='lat' dir='ltr'><strong>respersum</strong></span> 
     </span>
     <span class='ocr_line' id='line_1_10' title="bbox 129 1081 877 1155; baseline -0.001 -17"><span class='ocrx_word' id='word_1_53' title='bbox 129 1100 246 1150; x_wconf 89' lang='lat' dir='ltr'><strong>cruore,</strong></span> <span class='ocrx_word' id='word_1_54' title='bbox 256 1084 330 1139; x_wconf 88' lang='lat' dir='ltr'><strong>collo</strong></span> <span class='ocrx_word' id='word_1_55' title='bbox 343 1083 537 1141; x_wconf 82' lang='lat' dir='ltr'>circumdedit</span> <span class='ocrx_word' id='word_1_56' title='bbox 549 1102 612 1140; x_wconf 91' lang='lat' dir='ltr'><strong>suo.</strong></span> <span class='ocrx_word' id='word_1_57' title='bbox 652 1081 821 1140; x_wconf 80' lang='lat' dir='ltr'><strong>Defixerat</strong></span> <span class='ocrx_word' id='word_1_58' title='bbox 834 1100 877 1155; x_wconf 89' lang='lat' dir='ltr'><strong>pa·</strong></span> 
     </span>
     <span class='ocr_line' id='line_1_11' title="bbox 127 1160 876 1223; baseline -0.003 -8"><span class='ocrx_word' id='word_1_59' title='bbox 127 1178 181 1217; x_wconf 81' lang='lat' dir='ltr'><strong>vor</strong></span> <span class='ocrx_word' id='word_1_60' title='bbox 195 1178 264 1215; x_wconf 86' lang='lat' dir='ltr'><strong>cum</strong></span> <span class='ocrx_word' id='word_1_61' title='bbox 279 1162 466 1219; x_wconf 83' lang='lat' dir='ltr'>admiratione</span> <span class='ocrx_word' id='word_1_62' title='bbox 482 1162 592 1223; x_wconf 82' lang='lat' dir='ltr'><strong>Gallos.</strong></span> <span class='ocrx_word' id='word_1_63' title='bbox 625 1160 757 1219; x_wconf 89' lang='lat' dir='ltr'><strong>Romani</strong></span> <span class='ocrx_word' id='word_1_64' title='bbox 769 1164 876 1217; x_wconf 85' lang='lat' dir='ltr'><strong>alacres</strong></span> 
     </span>
     <span class='ocr_line' id='line_1_12' title="bbox 127 1238 876 1315; baseline -0.001 -22"><span class='ocrx_word' id='word_1_65' title='bbox 127 1240 164 1294; x_wconf 90' lang='lat' dir='ltr'><strong>ab</strong></span> <span class='ocrx_word' id='word_1_66' title='bbox 177 1239 298 1295; x_wconf 88' lang='lat' dir='ltr'><strong>statione</strong></span> <span class='ocrx_word' id='word_1_67' title='bbox 311 1240 425 1297; x_wconf 90' lang='lat' dir='ltr'><strong>obviam</strong></span> <span class='ocrx_word' id='word_1_68' title='bbox 435 1238 521 1297; x_wconf 84' lang='lat' dir='ltr'><strong>militi</strong></span> <span class='ocrx_word' id='word_1_69' title='bbox 536 1258 590 1297; x_wconf 88' lang='lat' dir='ltr'><strong>suo</strong></span> <span class='ocrx_word' id='word_1_70' title='bbox 601 1238 768 1315; x_wconf 80' lang='lat' dir='ltr'><strong>progressi,</strong></span> <span class='ocrx_word' id='word_1_71' title='bbox 780 1250 876 1314; x_wconf 86' lang='lat' dir='ltr'><strong>gratn-</strong></span> 
     </span>
     <span class='ocr_line' id='line_1_13' title="bbox 126 1317 875 1392; baseline -0.001 -20"><span class='ocrx_word' id='word_1_72' title='bbox 126 1317 220 1372; x_wconf 88' lang='lat' dir='ltr'><strong>lantes</strong></span> <span class='ocrx_word' id='word_1_73' title='bbox 233 1318 442 1392; x_wconf 83' lang='lat' dir='ltr'><strong>laudantesque</strong></span> <span class='ocrx_word' id='word_1_74' title='bbox 464 1320 500 1376; x_wconf 89' lang='lat' dir='ltr'><strong>ad</strong></span> <span class='ocrx_word' id='word_1_75' title='bbox 512 1317 684 1375; x_wconf 85' lang='lat' dir='ltr'><strong>dictatorem</strong></span> <span class='ocrx_word' id='word_1_76' title='bbox 698 1318 875 1391; x_wconf 71' lang='lat' dir='ltr'><strong>perducunt.</strong></span> 
     </span>
     <span class='ocr_line' id='line_1_14' title="bbox 128 1394 876 1471; baseline 0.004 -23"><span class='ocrx_word' id='word_1_77' title='bbox 128 1395 209 1449; x_wconf 83' lang='lat' dir='ltr'><strong>Inter</strong></span> <span class='ocrx_word' id='word_1_78' title='bbox 222 1394 385 1451; x_wconf 86' lang='lat' dir='ltr'><strong>carminum</strong></span> <span class='ocrx_word' id='word_1_79' title='bbox 399 1396 615 1468; x_wconf 73' lang='lat' dir='ltr'><strong>propemodum</strong></span> <span class='ocrx_word' id='word_1_80' title='bbox 630 1395 784 1452; x_wconf 80' lang='lat' dir='ltr'><strong>incondita</strong></span> <span class='ocrx_word' id='word_1_81' title='bbox 797 1413 876 1471; x_wconf 79' lang='lat' dir='ltr'><strong>qua·</strong></span> 
     </span>
     <span class='ocr_line' id='line_1_15' title="bbox 127 1471 876 1549; baseline 0.004 -23"><span class='ocrx_word' id='word_1_82' title='bbox 127 1472 195 1526; x_wconf 90' lang='lat' dir='ltr'><strong>darn</strong></span> <span class='ocrx_word' id='word_1_83' title='bbox 216 1471 380 1529; x_wconf 85' lang='lat' dir='ltr'><strong>militariter</strong></span> <span class='ocrx_word' id='word_1_84' title='bbox 399 1474 574 1548; x_wconf 53' lang='lat' dir='ltr'><strong>joculantes</strong></span> <span class='ocrx_word' id='word_1_85' title='bbox 598 1472 751 1549; x_wconf 87' lang='lat' dir='ltr'><strong>Torquati·</strong></span> <span class='ocrx_word' id='word_1_86' title='bbox 766 1492 876 1549; x_wconf 84' lang='lat' dir='ltr'><strong>cogno-</strong></span> 
     </span>
     <span class='ocr_line' id='line_1_16' title="bbox 109 1549 876 1625; baseline 0 -20"><span class='ocrx_word' id='word_1_87' title='bbox 109 1566 197 1605; x_wconf 87' lang='lat' dir='ltr'><strong>men</strong></span> <span class='ocrx_word' id='word_1_88' title='bbox 231 1549 370 1619; x_wconf 90' lang='lat' dir='ltr'><strong>auditum‚</strong></span> <span class='ocrx_word' id='word_1_89' title='bbox 404 1552 584 1609; x_wconf 85' lang='lat' dir='ltr'><strong>celebratum</strong></span> <span class='ocrx_word' id='word_1_90' title='bbox 618 1549 724 1608; x_wconf 71' lang='lat' dir='ltr'><strong>deindd</strong></span> <span class='ocrx_word' id='word_1_91' title='bbox 751 1550 876 1625; x_wconf 80' lang='lat' dir='ltr'><strong>posteris</strong></span> 
     </span>
     <span class='ocr_line' id='line_1_17' title="bbox 129 1624 877 1703; baseline 0 -18"><span class='ocrx_word' id='word_1_92' title='bbox 129 1628 229 1698; x_wconf 80' lang='lat' dir='ltr'><strong>etiam3</strong></span> <span class='ocrx_word' id='word_1_93' title='bbox 243 1628 421 1703; x_wconf 81' lang='lat' dir='ltr'><strong>familiaeque</strong></span> <span class='ocrx_word' id='word_1_94' title='bbox 434 1630 537 1685; x_wconf 91' lang='lat' dir='ltr'><strong>honori</strong></span> <span class='ocrx_word' id='word_1_95' title='bbox 550 1628 613 1687; x_wconf 87' lang='lat' dir='ltr'><strong>fuit.</strong></span> <span class='ocrx_word' id='word_1_96' title='bbox 643 1624 783 1685; x_wconf 81' lang='lat' dir='ltr'><strong>Dictalor</strong></span> <span class='ocrx_word' id='word_1_97' title='bbox 797 1649 877 1687; x_wconf 90' lang='lat' dir='ltr'><strong>coro-</strong></span> 
     </span>
     <span class='ocr_line' id='line_1_18' title="bbox 128 1707 879 1784; baseline 0 -21"><span class='ocrx_word' id='word_1_98' title='bbox 128 1725 199 1765; x_wconf 87' lang='lat' dir='ltr'><strong>nam</strong></span> <span class='ocrx_word' id='word_1_99' title='bbox 208 1727 327 1766; x_wconf 90' lang='lat' dir='ltr'><strong>auream</strong></span> <span class='ocrx_word' id='word_1_100' title='bbox 337 1707 444 1765; x_wconf 84' lang='lat' dir='ltr'><strong>addidit</strong></span> <span class='ocrx_word' id='word_1_101' title='bbox 455 1711 575 1775; x_wconf 87' lang='lat' dir='ltr'><strong>donum,</strong></span> <span class='ocrx_word' id='word_1_102' title='bbox 586 1707 731 1784; x_wconf 86' lang='lat' dir='ltr'><strong>mirisque</strong></span> <span class='ocrx_word' id='word_1_103' title='bbox 742 1725 802 1783; x_wconf 88' lang='lat' dir='ltr'><strong>pro</strong></span> <span class='ocrx_word' id='word_1_104' title='bbox 810 1727 879 1765; x_wconf 84' lang='lat' dir='ltr'><strong>con·</strong></span> 
     </span>
     <span class='ocr_line' id='line_1_19' title="bbox 129 1785 669 1863; baseline 0 -22"><span class='ocrx_word' id='word_1_105' title='bbox 129 1785 213 1845; x_wconf 87' lang='lat' dir='ltr'><strong>cione</strong></span> <span class='ocrx_word' id='word_1_106' title='bbox 227 1807 292 1846; x_wconf 88' lang='lat' dir='ltr'><strong>eam</strong></span> <span class='ocrx_word' id='word_1_107' title='bbox 305 1806 435 1863; x_wconf 86' lang='lat' dir='ltr'><strong>pugnam</strong></span> <span class='ocrx_word' id='word_1_108' title='bbox 448 1786 581 1843; x_wconf 85' lang='lat' dir='ltr'><strong>laudibus</strong></span> <span class='ocrx_word' id='word_1_109' title='bbox 594 1786 669 1842; x_wconf 84' lang='lat' dir='ltr'><strong>tulit.</strong></span> 
     </span>
    </p>
   </div>
   <div class='ocr_carea' id='block_1_3' title="bbox 282 2057 714 2123">
    <p class='ocr_par' dir='ltr' id='par_1_3' title="bbox 282 2057 714 2123">
     <span class='ocr_line' id='line_1_20' title="bbox 282 2057 714 2123; baseline 0.007 -3"><span class='ocrx_word' id='word_1_110' title='bbox 282 2059 563 2123; x_wconf 80' lang='lat' dir='ltr'><strong>NARRATION</strong></span> <span class='ocrx_word' id='word_1_111' title='bbox 582 2057 714 2123; x_wconf 73' lang='lat' dir='ltr'>XXIV.</span> 
     </span>
    </p>
   </div>
   <div class='ocr_carea' id='block_1_4' title="bbox 161 2202 845 2297">
    <p class='ocr_par' dir='ltr' id='par_1_4' title="bbox 161 2202 845 2297">
     <span class='ocr_line' id='line_1_21' title="bbox 161 2202 845 2297; baseline 0.006 -34"><span class='ocrx_word' id='word_1_112' title='bbox 161 2202 200 2263; x_wconf 89' lang='lat' dir='ltr'><strong>T.</strong></span> <span class='ocrx_word' id='word_1_113' title='bbox 216 2202 356 2265; x_wconf 81' lang='lat' dir='ltr'><strong>Manlius</strong></span> <span class='ocrx_word' id='word_1_114' title='bbox 371 2206 531 2297; x_wconf 79' lang='lat' dir='ltr'><strong>condenms</strong></span> <span class='ocrx_word' id='word_1_115' title='bbox 547 2208 597 2265; x_wconf 81' lang='lat' dir='ltr'><strong>lzis</strong></span> <span class='ocrx_word' id='word_1_116' title='bbox 611 2206 673 2267; x_wconf 85' lang='lat' dir='ltr'><strong>Son</strong></span> <span class='ocrx_word' id='word_1_117' title='bbox 689 2217 720 2267; x_wconf 86' lang='lat' dir='ltr'><strong>to</strong></span> <span class='ocrx_word' id='word_1_118' title='bbox 735 2206 845 2269; x_wconf 77' lang='lat' dir='ltr'><strong>death.</strong></span> 
     </span>
    </p>
   </div>
   <div class='ocr_carea' id='block_1_5' title="bbox 80 2348 930 2893">
    <p class='ocr_par' dir='ltr' id='par_1_5' title="bbox 121 2348 930 2750">
     <span class='ocr_line' id='line_1_22' title="bbox 278 2348 930 2423; baseline -0.003 -21"><span class='ocrx_word' id='word_1_119' title='bbox 278 2352 370 2414; x_wconf 86' lang='lat' dir='ltr'><strong>(Rom.</strong></span> <span class='ocrx_word' id='word_1_120' title='bbox 383 2354 452 2401; x_wconf 82' lang='lat' dir='ltr'><strong>Hiet.</strong></span> <span class='ocrx_word' id='word_1_121' title='bbox 466 2352 544 2402; x_wconf 82' lang='lat' dir='ltr'><strong>Titus</strong></span> <span class='ocrx_word' id='word_1_122' title='bbox 556 2352 587 2401; x_wconf 92' lang='lat' dir='ltr'><strong>L.</strong></span> <span class='ocrx_word' id='word_1_123' title='bbox 597 2349 665 2401; x_wconf 76' lang='lat' dir='ltr'><strong>book</strong></span> <span class='ocrx_word' id='word_1_124' title='bbox 679 2348 717 2413; x_wconf 90' lang='lat'><strong>8.)</strong></span> <span class='ocrx_word' id='word_1_125' title='bbox 929 2380 930 2423; x_wconf 53' lang='lat' dir='ltr'><strong>q</strong></span> 
     </span>
     <span class='ocr_line' id='line_1_23' title="bbox 178 2483 873 2548; baseline -0.003 -13"><span class='ocrx_word' id='word_1_126' title='bbox 178 2487 247 2535; x_wconf 86' lang='lat' dir='ltr'><strong>War</strong></span> <span class='ocrx_word' id='word_1_127' title='bbox 258 2484 338 2548; x_wconf 73' lang='lat' dir='ltr'><strong>being</strong></span> <span class='ocrx_word' id='word_1_128' title='bbox 351 2483 476 2534; x_wconf 81' lang='lat' dir='ltr'><strong>declar-ed</strong></span> <span class='ocrx_word' id='word_1_129' title='bbox 486 2484 605 2535; x_wconf 80' lang='lat' dir='ltr'><strong>between</strong></span> <span class='ocrx_word' id='word_1_130' title='bbox 618 2484 663 2533; x_wconf 85' lang='lat' dir='ltr'><strong>the</strong></span> <span class='ocrx_word' id='word_1_131' title='bbox 678 2484 806 2539; x_wconf 83' lang='lat' dir='ltr'><strong>Romans.</strong></span> <span class='ocrx_word' id='word_1_132' title='bbox 822 2486 873 2533; x_wconf 81' lang='lat' dir='ltr'><strong>and</strong></span> 
     </span>
     <span class='ocr_line' id='line_1_24' title="bbox 126 2550 872 2617; baseline -0.007 -13"><span class='ocrx_word' id='word_1_133' title='bbox 126 2554 172 2605; x_wconf 83' lang='lat' dir='ltr'><strong>the</strong></span> <span class='ocrx_word' id='word_1_134' title='bbox 179 2552 273 2617; x_wconf 85' lang='lat' dir='ltr'><strong>people</strong></span> <span class='ocrx_word' id='word_1_135' title='bbox 282 2551 313 2599; x_wconf 85' lang='lat' dir='ltr'><strong>of</strong></span> <span class='ocrx_word' id='word_1_136' title='bbox 323 2553 440 2609; x_wconf 79' lang='lat' dir='ltr'><strong>Larium,</strong></span> <span class='ocrx_word' id='word_1_137' title='bbox 451 2551 568 2600; x_wconf 83' lang='lat' dir='ltr'><strong>Manlius</strong></span> <span class='ocrx_word' id='word_1_138' title='bbox 577 2553 739 2613; x_wconf 83' lang='lat' dir='ltr'><strong>Torquatus,</strong></span> <span class='ocrx_word' id='word_1_139' title='bbox 753 2550 801 2599; x_wconf 88' lang='lat' dir='ltr'><strong>the</strong></span> <span class='ocrx_word' id='word_1_140' title='bbox 811 2566 872 2599; x_wconf 88' lang='lat' dir='ltr'><strong>eon·</strong></span> 
     </span>
     <span class='ocr_line' id='line_1_25' title="bbox 125 2612 872 2679; baseline -0.007 -11"><span class='ocrx_word' id='word_1_141' title='bbox 125 2621 179 2677; x_wconf 77' lang='lat' dir='ltr'><strong>aul,</strong></span> <span class='ocrx_word' id='word_1_142' title='bbox 191 2634 244 2666; x_wconf 77' lang='lat' dir='ltr'><strong>was</strong></span> <span class='ocrx_word' id='word_1_143' title='bbox 260 2616 377 2679; x_wconf 80' lang='lat' dir='ltr'><strong>charged</strong></span> <span class='ocrx_word' id='word_1_144' title='bbox 391 2618 451 2665; x_wconf 84' lang='lat' dir='ltr'><strong>with</strong></span> <span class='ocrx_word' id='word_1_145' title='bbox 465 2618 510 2665; x_wconf 88' lang='lat' dir='ltr'><strong>the</strong></span> <span class='ocrx_word' id='word_1_146' title='bbox 530 2614 668 2665; x_wconf 88' lang='lat' dir='ltr'><strong>command</strong></span> <span class='ocrx_word' id='word_1_147' title='bbox 679 2612 709 2661; x_wconf 81' lang='lat' dir='ltr'><strong>ol</strong></span> <span class='ocrx_word' id='word_1_148' title='bbox 724 2616 775 2664; x_wconf 79' lang='lat' dir='ltr'><strong>the</strong></span> <span class='ocrx_word' id='word_1_149' title='bbox 786 2630 872 2678; x_wconf 80' lang='lat' dir='ltr'><strong>army,</strong></span> 
     </span>
     <span class='ocr_line' id='line_1_26' title="bbox 121 2679 871 2750; baseline -0.004 -18"><span class='ocrx_word' id='word_1_150' title='bbox 121 2683 216 2750; x_wconf 81' lang='lat' dir='ltr'><strong>jointly</strong></span> <span class='ocrx_word' id='word_1_151' title='bbox 228 2681 290 2744; x_wconf 74' lang='lat' dir='ltr'><strong>with</strong></span> <span class='ocrx_word' id='word_1_152' title='bbox 313 2682 414 2729; x_wconf 86' lang='lat' dir='ltr'><strong>Decius</strong></span> <span class='ocrx_word' id='word_1_153' title='bbox 430 2681 472 2738; x_wconf 81' lang='lat' dir='ltr'><strong>his</strong></span> <span class='ocrx_word' id='word_1_154' title='bbox 491 2680 637 2743; x_wconf 76' lang='lat' dir='ltr'><strong>eolleague.</strong></span> <span class='ocrx_word' id='word_1_155' title='bbox 666 2680 744 2743; x_wconf 86' lang='lat' dir='ltr'><strong>They</strong></span> <span class='ocrx_word' id='word_1_156' title='bbox 758 2679 871 2729; x_wconf 81' lang='lat' dir='ltr'><strong>sorbade</strong></span> 
     </span>
    </p>

    <p class='ocr_par' dir='ltr' id='par_1_6' title="bbox 80 2742 930 2809">
     <span class='ocr_line' id='line_1_27' title="bbox 80 2742 930 2809; baseline -0.001 -14"><span class='ocrx_word' id='word_1_157' title='bbox 80 2756 82 2760; x_wconf 89' lang='grc'><strong>’</strong></span> <span class='ocrx_word' id='word_1_158' title='bbox 124 2763 203 2809; x_wconf 85' lang='lat' dir='ltr'><strong>every</strong></span> <span class='ocrx_word' id='word_1_159' title='bbox 214 2745 304 2794; x_wconf 83' lang='lat' dir='ltr'><strong>officer</strong></span> <span class='ocrx_word' id='word_1_160' title='bbox 316 2742 366 2791; x_wconf 88' lang='lat' dir='ltr'><strong>and</strong></span> <span class='ocrx_word' id='word_1_161' title='bbox 378 2760 456 2806; x_wconf 90' lang='lat' dir='ltr'><strong>every</strong></span> <span class='ocrx_word' id='word_1_162' title='bbox 468 2744 575 2802; x_wconf 85' lang='lat' dir='ltr'><strong>soldier,</strong></span> <span class='ocrx_word' id='word_1_163' title='bbox 589 2744 673 2793; x_wconf 90' lang='lat' dir='ltr'><strong>under</strong></span> <span class='ocrx_word' id='word_1_164' title='bbox 683 2759 733 2807; x_wconf 88' lang='lat' dir='ltr'><strong>any</strong></span> <span class='ocrx_word' id='word_1_165' title='bbox 748 2753 872 2807; x_wconf 69' lang='lat' dir='ltr'><strong>preterit„</strong></span> <span class='ocrx_word' id='word_1_166' title='bbox 929 2780 930 2785; x_wconf 65' lang='lat'>,</span> 
     </span>
    </p>

    <p class='ocr_par' dir='ltr' id='par_1_7' title="bbox 123 2808 930 2893">
     <span class='ocr_line' id='line_1_28' title="bbox 123 2808 930 2893; baseline 0.001 -33"><span class='ocrx_word' id='word_1_167' title='bbox 123 2819 151 2861; x_wconf 82' lang='lat' dir='ltr'><strong>to</strong></span> <span class='ocrx_word' id='word_1_168' title='bbox 163 2812 221 2874; x_wconf 77' lang='lat' dir='ltr'><strong>quit</strong></span> <span class='ocrx_word' id='word_1_169' title='bbox 234 2812 275 2861; x_wconf 81' lang='lat' dir='ltr'><strong>his</strong></span> <span class='ocrx_word' id='word_1_170' title='bbox 286 2810 375 2867; x_wconf 79' lang='lat' dir='ltr'><strong>ranke,</strong></span> <span class='ocrx_word' id='word_1_171' title='bbox 387 2824 452 2859; x_wconf 86' lang='lat' dir='ltr'><strong>eren</strong></span> <span class='ocrx_word' id='word_1_172' title='bbox 464 2809 491 2857; x_wconf 90' lang='lat' dir='ltr'><strong>in</strong></span> <span class='ocrx_word' id='word_1_173' title='bbox 502 2810 548 2859; x_wconf 83' lang='lat' dir='ltr'><strong>the</strong></span> <span class='ocrx_word' id='word_1_174' title='bbox 561 2810 665 2873; x_wconf 84' lang='lat' dir='ltr'><strong>pursuit</strong></span> <span class='ocrx_word' id='word_1_175' title='bbox 677 2808 710 2859; x_wconf 84' lang='lat' dir='ltr'><strong>ol</strong></span> <span class='ocrx_word' id='word_1_176' title='bbox 718 2810 793 2861; x_wconf 83' lang='lat' dir='ltr'><strong>their</strong></span> <span class='ocrx_word' id='word_1_177' title='bbox 806 2826 872 2861; x_wconf 85' lang='lat' dir='ltr'><strong>ene·</strong></span> <span class='ocrx_word' id='word_1_178' title='bbox 929 2872 930 2893; x_wconf 14' lang='grc' dir='ltr'><em>Χ</em></span> 
     </span>
    </p>
   </div>
   <div class='ocr_carea' id='block_1_6' title="bbox 0 0 942 3267">
    <p class='ocr_par' dir='ltr' id='par_1_8' title="bbox 0 0 942 3267">
     <span class='ocr_line' id='line_1_29' title="bbox 0 0 942 3267; baseline 0 0"><span class='ocrx_word' id='word_1_179' title='bbox 0 0 942 3267; x_wconf 95' lang='lat' dir='ltr'><strong> </strong></span> 
     </span>
    </p>
   </div>
  </div>
 </body>
</html>
