1875 3267
475 211 651 285 as„

107 350 208 428 paulb
229 361 295 410 ante
310 351 405 410 siccos
425 353 600 411 descendere
622 353 865 430 superfusum·-

107 431 243 521 Jamque
257 433 360 488 levatis
374 431 498 507 navigiis
508 443 537 488 et
545 435 604 489 tota
614 436 706 491 classe
720 435 866 510 dispersi,

108 509 169 582 qui
184 509 301 584 exposit
304 511 310 566 i
326 522 417 579 erant,
440 510 571 584 undique
589 513 623 568 ad
638 531 735 580 naves,
755 515 864 606 trepidi

107 597 142 643 et
158 587 322 659 ἰιιιριοιίιο
336 591 414 646 malo
428 588 553 658 attoniti,
575 600 743 649 recurrunt:
767 594 840 651 sed
832 613 864 650 ιιι

105 667 247 722 tumultu
262 665 427 724 festinatio(
419 686 536 742 quoque
550 668 633 725 tarda
646 681 698 726 est.
718 669 759 728 Hi
769 672 864 729 contis

106 744 233 818 navigia
255 748 457 820 appellebant:
490 745 532 815 hi,
555 745 630 802 dtlm
649 764 746 804 remos
769 749 863 824 aptari

107 821 317 897 prohibebant,
334 827 542 882 consederant.
566 824 685 910 quidam
707 827 863 914 enavigare

108 911 317 976 properantes,
340 905 390 959 sed
412 921 470 958 non
489 901 671 977 exspectatis
695 903 747 992 qui
770 905 863 964 simul

111 999 183 1037 esse
197 979 348 1047 debebant,
364 982 465 1037 clauda
476 993 504 1038 et
515 981 655 1038 inhabilia
669 980 789 1069 navigia
801 986 865 1040 lan·

111 1053 207 1134 guide
229 1058 444 1126 moliebantur3
473 1061 537 1115 aliae
560 1061 679 1117 navium
698 1057 863 1119 inconsulte

43 1133 49 1142 ’
112 1144 238 1194 ruentes
251 1153 308 1191 non
323 1149 518 1212 receperant,
537 1137 704 1210 pariterque
722 1149 752 1194 et
765 1140 864 1197 multi-

108 1216 186 1274 tudo
194 1215 357 1288 etpaucitas
366 1213 535 1273 festinantes
543 1218 718 1274 morabatur.
731 1218 863 1285 Clamor,

109 1293 183 1350 hinc
198 1304 380 1367 exspectare,
395 1293 463 1351 hinc
476 1295 519 1352 ire
530 1294 709 1371 jubentium,
720 1294 863 1354 dissonae·

110 1392 171 1446 que
190 1389 276 1428 voces
289 1389 435 1447 nusquam
459 1373 585 1432 idemac
606 1392 700 1432 unum
714 1374 862 1433 tendenti-

109 1468 176 1520 um,
188 1467 249 1506 non
262 1453 416 1508 oculorum
429 1451 518 1509 modd
535 1470 623 1513 usum
637 1455 688 1510 sed
704 1454 794 1510 etiam
808 1473 859 1510 au·

113 1527 194 1585 rium
203 1530 388 1596 abstulerant,
397 1549 433 1586 ne
444 1531 472 1586 in
486 1530 727 1606 gubernatoribus
737 1530 859 1605 quidem

116 1607 280 1704 quidquam
290 1625 355 1680 opis
364 1618 424 1664 era
426 1627 573 1682 ,quorum
584 1628 638 1666 nec
653 1609 786 1668 exaudiri
801 1628 858 1667 vox

116 1705 134 1742 a
121 1684 392 1742 tumultuantibus
401 1696 522 1757 poterat,
535 1706 591 1744 nec
600 1687 761 1759 imperium
774 1708 792 1743 a
801 1696 860 1752 ter-

112 1762 179 1822 ritis
192 1763 453 1838 incompositisque
469 1765 590 1822 serrari.
610 1764 692 1840 Ergo
706 1765 823 1821 collidi'
815 1786 859 1823 ιιι-

112 1855 160 1901 ter
168 1860 304 1907 senaves,
313 1843 533 1916 abstergerique
542 1843 666 1901 invicem
675 1841 761 1910 remi,
771 1846 858 1902 etalii

112 1922 237 1980 aliorum
255 1920 371 1996 navigia
390 1939 499 1996 urgere
520 1932 691 1997 coeperunt:
713 1922 858 1994 crederes,

113 2019 171 2058 non
184 1999 270 2057 unius
283 2001 431 2058 exercitlls
445 2003 571 2058 classem
579 2000 656 2071 vehi,
670 2002 721 2058 sed
729 2001 857 2058 duorum

113 2081 214 2136 natale
228 2077 317 2134 inisse
334 2090 504 2147 certamen·
524 2080 736 2138 incutiebantur
750 2082 856 2169 puppi-

113 2161 167 2216 bus
178 2175 284 2232 prorae,
295 2173 376 2228 prem
383 2156 530 2215 ebautur
516 2178 532 2214 a
545 2159 728 2232 sequentibus
743 2157 793 2232 qui
804 2177 855 2215 an·

113 2238 279 2294 tecedentes
299 2236 524 2303 turbauerant,
514 2236 698 2314 jurgantium
724 2237 768 2294 ira
787 2255 857 2311 per-

115 2315 244 2374 veniebat
258 2312 346 2370 etiarn
360 2315 395 2371 ad
409 2333 527 2371 manus

153 2395 229 2452 lam(
220 2411 277 2468 que
301 2406 389 2450 aestus
409 2403 486 2450 totos
500 2391 578 2450 circa
598 2392 709 2453 flumen
732 2409 855 2464 campos

115 2475 327 2538 inundaverant
316 2470 855 2543 tumulisduntaxateminentibusve

116 2557 159 2611 lut
178 2549 282 2607 insulis
303 2551 410 2640 parvis,
434 2549 463 2606 in
487 2569 561 2624 quos
583 2550 717 2624 plerique
734 2547 854 2620 trepidi,

114 2629 227 2690 omissis
252 2628 374 2720 nauigiis
395 2648 484 2686 enare
508 2638 671 2701 coeperunt.
713 2623 855 2696 Dispersa

117 2707 212 2768 classis
224 2703 370 2780 partimin
382 2710 504 2820 praealqta
516 2724 595 2779 aqua
608 2706 710 2771 stabat,
721 2701 854 2776 quasub-

426 2801 480 2836 ιι
538 2826 548 2842 ,
