1875 3267
456 315 519 372 3190
573 372 575 377 .

115 469 292 532 pressusque
305 457 494 534 Crepereius,
515 467 546 516 et
557 451 656 517 statim
670 452 850 512 exanimatus

118 545 170 593 est
190 534 358 609 Agrippina
370 545 400 594 et
409 537 572 596 Acermnia
584 534 781 592 eminentibus
788 532 855 611 tecti

116 610 276 688 parietibus
288 633 322 673 ac
334 612 407 672 forte
419 614 616 681 validioribus,
627 611 718 686 quam
729 622 765 668 ut
777 608 856 670 oneri
903 620 905 630 '

116 691 265 762 cederent,
287 704 427 767 protectae
443 700 526 750 sunt:
547 709 604 748 nec
616 689 768 768 dissolutio
780 685 857 745 navi·

117 767 159 844 gii
172 772 355 844 sequebatur,
363 769 631 832 turbatisomnibus
643 779 673 826 et
685 766 768 842 quud
773 765 859 842 pleri-

117 863 177 920 que
189 847 284 924 ignari
292 850 380 910 etiam
389 849 522 906 conscios
532 847 739 923 impediebant.
750 845 859 902 Visum
903 888 905 911 ÷

118 924 227 984 dehinc
248 927 420 1004 remigibus,
445 943 541 984 unum
560 924 592 982 in
615 925 691 983 latus
713 923 862 990 inclinare,
903 926 905 935 '

114 1010 209 1078 atque
221 1005 262 1063 ita
273 1023 376 1063 navem
390 1006 591 1081 submergere.
612 1005 671 1061 Sed
683 1019 784 1077 neque
790 999 861 1076 ipsis
903 1040 905 1073 3

119 1093 278 1182 promptus
300 1085 329 1142 in
348 1101 412 1140 rem
432 1080 559 1142 subitam
573 1098 744 1156 consensus,
764 1078 860 1146 etalii,
903 1124 905 1149 ,

120 1170 223 1218 contra
241 1161 367 1221 nitentes
387 1161 495 1219 dedere
514 1160 685 1218 facultatem
700 1155 860 1216 leniorisin
903 1156 905 1225 !

120 1253 205 1296 mare
221 1238 327 1318 jactus.
366 1238 484 1298 Verrim
499 1237 663 1298 Acerronia
682 1237 861 1311 imprudens,
903 1230 905 1287 Ξ

121 1311 196 1372 dum
217 1333 248 1374 se
262 1316 460 1394 Agrippinam
478 1336 553 1386 esse,
570 1328 601 1374 et
614 1327 647 1373 ut
660 1315 861 1373 subveniretur
903 1302 905 1377 !

121 1394 211 1450 matri
225 1395 376 1470 principis,
398 1397 537 1462 clamitat,
559 1396 654 1452 contis
676 1403 708 1451 et
718 1392 822 1461 remis,
834 1401 861 1446 et

122 1487 190 1546 quae
203 1492 267 1532 sors
279 1476 432 1536 obtulerat.
450 1476 602 1533 navalibus
622 1473 689 1530 telis
701 1470 862 1528 conficitur.

123 1549 291 1626 Agrippina
307 1553 405 1622 silens,
425 1551 520 1628 ebque
533 1552 632 1609 minus
647 1550 758 1626 agnita,
771 1566 862 1606 unum

124 1633 225 1692 iumen
238 1634 344 1690 vulnus
357 1633 483 1688 humero
495 1630 635 1705 exceptit.
656 1629 774 1697 Nando,
787 1628 862 1684 dein·

124 1704 161 1762 de
171 1725 296 1768 occursu
309 1712 541 1778 lenunculorum,
549 1711 716 1765 Lucrinum
725 1707 757 1762 in
769 1709 863 1763 lacum
903 1738 905 1789 Ι

125 1795 218 1854 vecta,
229 1788 305 1846 villae
319 1807 376 1846 sua
389 1787 521 1845 infertur.
554 1786 619 1843 lllic
640 1796 791 1859 reputans,
801 1781 862 1839 idei

126 1877 159 1917 se
169 1863 318 1924 fallacibus
330 1865 435 1924 litteris
447 1864 582 1935 accitam,
596 1875 627 1922 et
639 1867 751 1921 honore
763 1860 863 1936 praeci·

126 1954 187 2012 puo
207 1944 344 2013 habitam,
364 1943 502 2021 qubdque
514 1945 597 2001 littus
607 1938 693 2018 juxta
705 1939 862 1997 nonventis

126 2027 199 2084 amu,
224 2037 281 2077 nun
308 2025 386 2080 saxis
412 2023 539 2096 impulsa
558 2021 797 2087 navis‚·summa
823 2016 863 2073 sui

125 2101 317 2167 pantaucum
330 2111 468 2158 terrestre
486 2101 759 2158 machinamentum
773 2097 864 2153 conci·
903 2128 905 2183 4

128 2171 239 2240 diesen
260 2180 416 2242 observans
437 2179 525 2236 etiam
548 2179 718 2236 Acermniae
740 2193 864 2236 necem}
903 2212 905 2237 ;

129 2252 217 2311 simul
238 2273 324 2314 suum
339 2259 443 2316 vulnus
464 2256 624 2330 aspiciens:
646 2259 742 2312 solum
755 2253 865 2309 insidia·
903 2290 905 2299 ·

128 2345 196 2390 rum
218 2335 383 2394 remedium
405 2353 479 2402 esse,
500 2338 525 2390 si
545 2332 864 2408 nonintelligerentnrt
903 2330 905 2333 ’

128 2411 212 2472 misit
233 2413 371 2471 libertum
385 2414 561 2488 Agerinum,
580 2411 631 2484 qui
643 2412 794 2468 nuntiaret
805 2408 866 2473 lilio,

53 2557 56 2561 ,
116 2489 304 2564 'benignitate
314 2493 412 2558 deum,
421 2501 450 2548 et
458 2490 575 2547 fortune
586 2489 661 2564 ejus,
671 2488 800 2547 euasisse
809 2506 866 2563 gra·

44 2604 47 2614 .
128 2583 196 2624 vem
210 2585 321 2624 casum.
354 2572 457 2634 Orare,
471 2579 504 2624 ut
517 2567 652 2642 quamvis
664 2567 800 2641 periculo
813 2585 866 2622 ma·
903 2600 905 2641 Ι

128 2643 181 2700 tris
195 2642 361 2712 exterritus,
369 2644 484 2713 visendi
496 2662 598 2712 curam
609 2646 742 2702 differret
754 2665 762 2698 ι
776 2643 832 2699 sibi
840 2645 867 2701 ad

126 2733 258 2804 praesens
271 2722 367 2792 quiete
381 2739 464 2794 opus.
505 2726 606 2797 Atque
619 2720 751 2790 interim,
765 2723 867 2778 securi·

127 2802 187 2848 tate
201 2797 347 2866 simulata,
360 2799 558 2859 medicamina
567 2800 694 2871 vulneri,
702 2813 734 2858 et
746 2799 869 2859 fomenta
