1875 3267
374 360 377 363 ·
451 344 512 405 19⁸

116 493 260 554 militibus
270 487 399 567 benigne
412 490 552 547 mittunt:
567 498 597 546 et
610 488 803 547 venientibus
816 490 867 547 Ca·

117 590 209 647 puam
225 582 350 628 cunctus
364 571 490 626 Senatus
502 570 692 643 populusque
706 566 829 625 obviam
841 585 868 622 c-

117 649 223 727 gressi,
230 648 318 739 justis
325 647 464 706 omnibus
472 644 675 720 hospitalibus,
685 644 867 720 privatisque

117 739 148 785 et
159 725 294 803 publicis,
308 726 473 800 funguutur
486 722 604 793 officiis,
612 720 716 797 neque
728 722 791 781 illis
800 723 868 781 soci-

117 824 206 865 orum
220 806 351 865 comitas.
364 807 522 877 vultusque
544 799 677 877 benigni,
691 812 724 859 et
744 801 867 876 alloquia

62 956 66 962 .
118 902 180 943 nou
191 882 281 942 modo
294 900 461 940 sermonem
472 879 588 946 elicere,
596 881 649 937 sed
658 896 699 937 ne
711 889 749 939 ut
761 882 868 947 oculos,

120 962 241 1040 quidem
250 963 413 1027 attolerent,
423 969 472 1017 aut
483 959 668 1015 consolantes
678 958 798 1017 arnicos
806 976 867 1015 coa·

120 1052 166 1099 tra
179 1042 369 1107 intuerentur,
381 1037 498 1095 efficere
511 1046 653 1109 poterant.
677 1036 769 1095 Aded
783 1054 866 1111 super

121 1138 281 1181 moerorem
306 1119 400 1192 pudor
414 1115 535 1190 quidam
549 1114 653 1191 fugere
675 1114 867 1189 colloquiaet

121 1208 216 1257 eaetus
242 1197 398 1253 homiuum
417 1195 547 1269 cogebat.
569 1195 694 1251 Postero
712 1194 765 1251 die
778 1190 867 1268 anlm

120 1275 244 1354 juvenes
255 1275 376 1340 nobiles,
387 1272 471 1329 missi
485 1270 503 1327 a
515 1273 626 1343 Capui,
635 1282 669 1329 ut
678 1270 867 1345 proficiscen·

122 1366 168 1411 tes
187 1355 222 1410 ad
241 1352 334 1408 linem
349 1354 536 1425 Campanum
549 1360 816 1424 prosequerentur,
827 1368 867 1405 re·

121 1431 277 1487 vertissent
289 1451 296 1498 3
318 1428 473 1503 vocatique
492 1428 521 1485 in
535 1428 659 1495 curiam,
672 1438 867 1502 pereunctan-

122 1508 200 1566 tibus
213 1507 373 1585 majoribus
387 1520 466 1576 natu,
480 1504 575 1565 multo
589 1504 643 1563 sibi
657 1507 832 1565 moestiores
843 1516 869 1563 et

122 1586 289 1667 abjectioris
302 1586 392 1643 animi
414 1585 492 1642 visos
508 1582 671 1651 referrent;
685 1584 763 1643 aded
776 1588 869 1654 silens,

123 1684 158 1724 ac
182 1664 274 1739 prope
294 1675 412 1721 mutum
433 1680 541 1739 agmen
562 1660 740 1743 incessisse:
758 1667 867 1723 Tacere

124 1746 253 1803 indolem
266 1741 348 1801 illam
367 1742 542 1808 Romanam,
556 1742 728 1816 ablatosque
744 1761 818 1801 cum
828 1762 868 1801 ar·

124 1825 184 1881 mis
196 1823 310 1881 animos
325 1842 333 1878 :
353 1837 412 1878 non
431 1821 555 1879 reddere
568 1821 704 1888 salutem,
717 1838 781 1879 non
798 1824 868 1879 salu·

124 1902 252 1959 tantibus
264 1902 334 1957 dare
357 1916 541 1973 responsum,
563 1914 622 1954 non
636 1897 754 1956 hiscere
769 1918 872 1973 qnemr

125 1998 216 2055 quam
229 1996 292 2051 prae
302 1989 384 2035 metu
394 1978 539 2052 potuisse;
559 1974 699 2050 tanquam
708 1976 870 2035 ferentibus

126 2059 222 2114 adhuc
243 2056 405 2113 cervicibus
417 2055 536 2132 jugum,
549 2056 605 2111 sub
622 2074 681 2129 quo
700 2055 809 2113 emissi
828 2076 869 2115 es-

127 2145 201 2192 sent.
241 2136 357 2192 Habere
372 2135 519 2192 Samnites
540 2132 703 2203 victoriam,
723 2152 785 2191 non
799 2151 869 2208 prae·-

126 2214 237 2271 claram
256 2212 362 2277 solim,
375 2214 427 2270 sed
440 2212 529 2269 etiam
541 2222 736 2286 perpetuam:
750 2214 870 2288 ¹cepisse

127 2291 206 2348 enim
218 2308 268 2348 eos
282 2309 340 2347 non
354 2294 491 2359 Romam,
505 2290 582 2357 sicut
601 2288 667 2347 ante
682 2290 797 2362 Gallos,
814 2295 870 2360 sed,

128 2370 208 2444 quod
222 2368 315 2427 multd
333 2370 501 2427 bellicosius
520 2367 617 2439 fuerit,
636 2368 806 2428 Romanam
819 2372 869 2428 rir-

106 2525 109 2531 .
127 2457 233 2515 tutem,
249 2447 457 2519 ferociamque.

168 2524 272 2598 Quum
293 2529 359 2583 haec
378 2527 555 2593 dicerentur,
578 2526 825 2603 audirenturque,
844 2542 870 2589 et
921 2508 922 2511 Ἴ

129 2607 312 2678 deploratum
321 2600 396 2673 pene
405 2606 573 2662 Romanurn
586 2622 696 2661 nomen
704 2606 736 2662 in
749 2610 869 2667 concilio

129 2682 277 2738 sociorum
288 2679 416 2736 fidelium
428 2691 505 2737 esset
516 2702 524 2749 ;
546 2682 654 2738 dicitur
667 2680 779 2741 Ofilius
791 2690 869 2746 Cala·

127 2757 203 2824 vius,
222 2756 291 2815 Ovii
306 2756 391 2822 lilius,
405 2759 501 2815 clarus
516 2776 625 2833 genere
639 2758 793 2833 factisque.
805 2763 867 2821 trlm

129 2832 219 2895 etiam
235 2843 320 2889 aetate
333 2834 489 2901 verendus,
503 2832 588 2909 longi
602 2834 686 2893 aliter
708 2854 741 2895 se
763 2841 868 2900 babere

131 2921 197 2964 rem
206 2908 326 2964 dixisse.
347 2907 503 2975 Silentium
515 2912 587 2971 illud
594 2914 773 2973 obstinatum
781 2918 867 2977 fixos-

917 2928 922 2983 l
