1875 3267
394 289 458 346 29'1‘

21 431 163 497 caussis,
177 428 332 490 mittitur
318 453 335 489 a
348 437 470 492 consule
486 434 608 492 Sextius
622 435 775 526 quaestor
768 453 797 495 tn
850 479 855 488 ,

20 511 187 588 oppidum
199 511 357 583 Jugurtbae
374 516 540 583 Vaccam;
556 512 642 590 cujus
664 515 707 570 rei
732 533 799 590 spo-

23 594 102 650 cies
116 598 182 646 erat
196 591 330 664 acceptio
344 589 487 651 frumenti
511 595 591 682 quod
615 595 799 667 Calpurnius

21 669 161 766 palam
157 667 481 744 tegatisimperaverat,
493 673 633 762 quoniam
645 670 799 730 deditionis

22 769 126 810 mora
141 737 281 805 induciae
305 749 498 826 agitabantur.
554 749 653 825 igitur
673 769 735 821 rex,
755 753 799 809 uti
897 794 903 813 .

23 826 252 896 constituerat,
274 828 306 886 in
329 845 426 886 castra
445 829 546 888 veuit·
569 849 604 887 ac
617 846 712 902 pauca
723 846 800 902 prae

25 908 117 968 senti
128 904 250 964 cons1ho
258 908 377 965 locutus
391 903 553 966 de'inviditi
562 908 632 966 facti
646 907 702 977 sui,
712 920 799 983 atque

26 990 83 1048 uti
107 986 138 1044 in
161 983 340 1044 deditionem
365 990 576 1062 acciperetur;
599 987 801 1062 reliquarum

28 1065 148 1126 Bestia
163 1073 193 1122 et
206 1063 317 1122 Scauro
331 1080 446 1125 secreta
465 1066 620 1144 transegit
642 1067 720 1124 Dein
733 1083 801 1140 pos·

27 1161 108 1206 tero
130 1144 189 1213 die,
215 1144 300 1218 quasi
314 1164 369 1221 per
383 1157 516 1204 saturam
530 1147 684 1204 sententiis
697 1147 802 1220 exqui

28 1227 117 1294 sitis,
146 1221 179 1280 in
189 1217 390 1283 deditionem
410 1225 578 1298 accipitur.
601 1227 662 1295 sed,
682 1225 726 1283 uti
746 1243 801 1298 pro

29 1299 189 1362 consilio·
182 1314 362 1376 imperatum
374 1315 445 1375 erat,
455 1303 607 1379 elephanti
616 1323 689 1373 xxx,
700 1321 801 1380 pecus,

29 1395 134 1460 atque
162 1381 231 1456 equi
255 1384 354 1452 multi,
386 1401 459 1442 curn
485 1401 544 1441 non
566 1402 659 1459 parvo
685 1383 801 1459 argenti

30 1464 186 1538 pondere,
200 1461 337 1535 questuri
350 1463 515 1521 traduntur
546 1464 728 1538 Calpurnius
741 1461 801 1520 Ro·

30 1561 129 1602 mam
153 1539 188 1598 ad
207 1539 400 1629 magistratus
414 1543 562 1618 rogandos
575 1541 801 1616 proficiscitur·

30 1623 68 1680 in
86 1617 236 1678 Numidi&
251 1631 282 1677 et
296 1619 432 1679 exercitu
445 1632 547 1678 nostro
559 1640 617 1703 pax
626 1620 802 1696 agitabatur.

92 1696 258 1772 Postquam
286 1701 385 1758 resin
409 1699 515 1759 Africa
547 1711 655 1774 gestas
682 1715 801 1774 quoque

31 1780 134 1838 modo
150 1787 217 1834 actae
234 1775 338 1847 forent,
353 1779 432 1836 fama
445 1777 591 1852 divulgat
584 1789 618 1844 lt,
627 1775 733 1834 Rornae
748 1793 802 1864 per

32 1877 152 1916 omnes
175 1857 257 1914 locos
285 1867 317 1915 et
336 1869 499 1916 conventus
519 1859 555 1913 de
577 1853 657 1914 iacto
671 1853 802 1913 consulis

33 1961 80 2015 ag·
55 1937 170 2014 uitari·
193 1939 270 2009 apud
290 1939 407 2012 plebem
430 1935 529 2008 gravis
549 1934 674 1993 invidia.
697 1937 802 1993 Patres

35 1987 165 2077 solliciti
181 2026 284 2074 erant·
277 2017 502 2092 probarentne
511 2025 627 2074 tantum
642 2013 734 2090 flagit
728 2026 803 2083 rum,

34 2118 78 2156 an
106 2099 264 2154 decretum
299 2096 428 2154 consulis
457 2099 672 2162 subverterent,
692 2093 803 2168 partim

36 2175 208 2235 constabat.
248 2178 296 2233 Ac
309 2172 443 2232 maxime
463 2194 514 2234 eos
535 2174 664 2250 potentia
685 2173 802 2241 Scauri,

36 2253 158 2332 qudd
152 2271 179 2309 ts
206 2266 309 2312 auctor
329 2264 358 2311 et
380 2252 478 2311 socius
493 2253 599 2313 Bestiae
614 2251 802 2321 feriebatur,

36 2352 118 2392 vero
139 2335 275 2406 bonoque
297 2321 485 2407 impediebat.
526 2337 568 2391 At
588 2331 679 2390 Caius
702 2330 803 2388 Mem·

36 2410 408 2487 m1us,cujusdebbertate
418 2410 801 2488 tugenu,etod10potent1ae
867 2469 871 2476 ,

37 2489 209 2552 nobilitatis
232 2489 324 2566 supra
344 2490 507 2560 diximus,
500 2501 577 2546 mter
591 2489 802 2553 dubitationem

34 2581 72 2632 et
101 2587 201 2628 moras
224 2573 351 2639 senatus,
378 2571 569 2627 concionibus
595 2571 738 2642 populum
767 2566 804 2622 ad

35 2648 264 2720 ,vindicandum
287 2648 398 2708 hortari
415 2671 422 2718 ;
446 2665 567 2705 mouere
588 2643 626 2703 ite
643 2642 804 2719 rempubli-

36 2745 180 2798 1cam,ne
200 2727 369 2786 libertatem
391 2746 477 2786 suam
502 2727 688 2792 desererent,
709 2724 803 2778 multa

38 2809 190 2882 superba,
198 2808 330 2866 crudelia
338 2803 627 2866 facinoranobilitatis
635 2801 801 2866 ostendere3

39 2921 41 2971 t

40 3001 44 3096 i
