1875 3267
260 218 264 232 '
313 275 314 278 i
374 237 453 316 sss¹

39 395 88 448 arn,
102 389 130 438 et
143 381 222 439 cives
237 399 316 449 suos,
333 399 397 456 qus
412 381 533 456 quidem
546 393 575 441 te
589 383 696 444 itauto
710 403 774 443 sce·

39 459 90 515 lere
103 461 189 518 etiam
211 470 295 518 muta
320 479 459 519 revocare
483 462 591 522 debuit.
617 467 775 541 Leguntut

38 539 132 598 cidem
146 540 260 596 ratione
276 540 311 597 ad
325 551 463 598 senatum
473 543 670 618 Allobrogum
678 560 775 616 popu·

39 617 147 692 lumquc
159 617 276 676 litterae.
297 621 330 676 Si
351 620 423 694 quid
443 617 546 677 dehis
567 624 654 678 rebus
673 621 772 695 dicere

38 698 125 766 vellet,
138 695 195 754 feci
209 706 391 774 potestatem.
414 701 515 774 Atqu'e
532 696 583 755 ille
597 698 694 773 primo
708 697 774 787 qui-

39 773 96 830 dem
108 776 249 850 negavit·
265 786 338 850 post
354 786 452 833 autem
467 777 627 852 aliquantd,
638 789 699 836 toto
710 776 775 854 jam

39 850 135 908 indicio
149 853 285 926 exposito
302 864 390 928 atque
404 855 493 923 edito,
513 859 654 919 surrexit
668 857 776 930 quaesi·

38 929 95 986 viti
109 931 203 990 Gallis
214 931 286 1007 quid
298 931 339 990 ibi
352 943 430 991 esset
440 953 511 992 cum
521 934 566 1002 iis,
580 934 774 1034 quamobrem

39 1009 421 1071 domumsuamvenissent·
414 1011 775 1090 ,itemqueaVultutcio

39 1087 168 1158 Quicum
193 1091 236 1148 illi
255 1091 385 1150 breviter
407 1102 633 1181 constanterque
653 1109 777 1182 respon

39 1167 147 1238 dissent,
160 1183 215 1242 per
228 1187 319 1244 quem
342 1173 378 1228 ad
396 1189 476 1238 eum,
488 1170 666 1245 quotiesque
679 1170 776 1227 venis·

39 1257 103 1315 sent,
117 1247 381 1322 quaesivissentque
393 1251 428 1308 ab
438 1267 483 1317 eo,
491 1249 603 1308 nihilne
614 1266 716 1308 secum
730 1269 777 1307 es

39 1337 77 1380 set
85 1325 118 1381 de
131 1325 197 1383 fatis
212 1323 363 1402 Sibyllinis
378 1329 516 1388 locutus.
537 1340 604 1386 tum
618 1328 666 1386 ille
680 1328 777 1386 subito

41 1405 139 1462 scolere
150 1405 284 1474 demens,
297 1418 405 1481 quanta
430 1408 475 1465 vis
496 1407 684 1467 conscientiae
698 1413 783 1465 esset'

39 1483 160 1542 ostendit
183 1487 273 1554 Nam,
299 1483 372 1543 cum
400 1486 430 1543 id
455 1497 555 1562 posset
575 1485 709 1555 inficiari,
731 1505 777 1543 re-

40 1559 117 1631 penti
140 1573 253 1636 praeter
272 1561 442 1638 opinionem
463 1566 599 1622 omnium
623 1564 777 1621 confessus

39 1650 84 1695 est
66 1641 147 1702 tlta
159 1661 233 1700 eum
246 1659 305 1699 non
319 1642 437 1700 modd
429 1644 586 1718 ingenium
598 1642 680 1710 illud,
690 1654 721 1699 et
734 1643 778 1699 di

40 1717 120 1776 cendi
118 1719 306 1789 exercitatio,
314 1723 374 1796 quei
385 1739 447 1778 sen·
450 1739 504 1796 per
515 1721 616 1787 valuit,
624 1722 674 1777 scd
687 1719 778 1776 etiarn

40 1809 149 1873 propter
175 1799 237 1857 vim
259 1799 379 1857 sceleris
397 1798 546 1856 manifesti
565 1809 652 1873 atque
675 1798 778 1870 depre-

41 1876 115 1934 hensi
127 1878 321 1954 impudentia,
337 1881 396 1953 quit
411 1880 568 1952 superabat
586 1892 701 1944 omnes,
722 1876 779 1933 im·

39 1958 217 2034 probitasque
244 1956 360 2015 defecit.
381 1955 559 2014 Volturcius
584 1955 655 2013 verb
682 1954 778 2027 subito

41 2034 156 2127 proferri
165 2037 281 2094 litteras
295 2047 383 2111 atque
399 2033 508 2109 aperiri
526 2035 624 2125 jussit,
638 2053 710 2110 quas
723 2033 778 2091 sibi
799 2040 801 2043 '

42 2109 91 2170 al
93 2117 190 2172 entulo
203 2117 240 2172 ad
250 2113 411 2174 Latrhnarn
419 2116 500 2172 datas
513 2133 577 2172 esse
586 2113 709 2171 dicebat.
724 2118 778 2172 At·

40 2207 90 2262 que
104 2193 142 2250 ibi
155 2193 414 2252 vehementissime
426 2197 614 2268 perturbatus
626 2196 779 2262 Lentulus

39 2276 129 2328 lumen
143 2283 172 2328 et
187 2272 306 2348 signum
322 2291 419 2330 suum
433 2283 463 2330 et
485 2290 608 2330 manum
632 2273 778 2363 cognorit

41 2345 127 2406 Erant
140 2362 240 2408 autem
255 2351 389 2426 scriptae
415 2353 478 2410 sine
502 2352 632 2442 nornine,
655 2352 726 2408 sed
720 2363 781 2408 ita-¹
859 2413 866 2427 .

40 2427 129 2495 Qui
108 2447 174 2496 sim,
188 2449 226 2487 ex
241 2451 276 2488 eo
290 2447 380 2518 quern
395 2432 429 2488 ad
453 2443 483 2489 te
506 2429 586 2496 misi,
606 2449 779 2504 cognosces,

40 2521 106 2564 cura
131 2517 163 2564 ut
180 2509 230 2566 vir
248 2511 303 2582 sis,
322 2521 358 2578 et
365 2509 462 2585 cogita
475 2527 561 2598 quent
577 2509 607 2564 in
622 2512 722 2564 locum
738 2509 778 2564 sis
873 2565 875 2569 ,

40 2600 231 2658 progressus:
254 2599 283 2646 et
292 2588 360 2646 vide
374 2587 465 2662 quid'
455 2605 518 2662 jain
531 2585 584 2643 tibi
598 2587 636 2642 sit
647 2605 778 2642 neccsse

40 2662 116 2720 Cura
129 2676 160 2722 ut
172 2669 308 2726 omnium
322 2667 374 2724 tibi
387 2666 496 2722 auxilia
521 2666 566 2721 dd
557 2683 674 2740 nugas
689 2663 725 2719 et'·
729 2683 779 2719 ιιιιι

41 2737 217 2804 infimorum
272 2745 415 2836 Gabinius
449 2742 555 2805 deinde
585 2743 779 2810 introductus,
