1875 3267
394 227 403 250 Ι

463 301 526 357 3Ξο

122 464 218 508 autem
234 459 262 505 et
272 449 327 520 ipsi
338 446 400 504 siue
412 446 588 522 cujusquam
604 443 774 519 suspicione
785 447 855 504 mul-

117 542 162 585 tos
176 528 265 583 furtes
279 528 356 584 viros
369 527 543 594 elluxeruut,
568 537 597 583 et
616 541 674 599 ego
687 543 726 580 ex
739 523 856 598 praelec·

117 611 184 664 turi
195 607 317 663 Reatini
329 607 497 678 complures
506 607 638 662 delectos
649 605 857 670 adolescentes,

116 703 246 759 quorum
260 687 350 758 operi
361 694 428 740 utor
438 681 575 740 assidue
568 695 599 739 ιιι·
614 682 781 754 republica,
788 699 859 755 prae·

118 763 192 822 sidio
205 783 274 820 eum
290 763 392 838 gladiis
406 761 558 819 miseram.
580 759 708 818 Interim
721 759 860 816 tertiele·

117 841 264 915 ιὲιίιζίΙίξι
280 845 389 908 exucta,
403 837 502 897 cum
493 861 553 916 Jam
568 850 691 914 pontem
713 837 860 896 Mulvium

117 940 227 1011 magno
252 922 389 978 comitatu
417 918 507 994 legali
523 922 722 991 Allobrogum
748 917 859 992 ingredi

117 1000 290 1074 inciperem,
304 1018 352 1055 ιιιι
351 997 421 1070 ique
443 999 629 1063 Vulturcius,
646 995 701 1052 fit
691 1013 725 1050 m
742 1015 800 1052 eos
812 996 860 1051 im·

118 1089 226 1167 petus:
249 1080 468 1134 educunturt
439 1086 468 1132 et
489 1080 526 1145 ab
538 1077 596 1134 illis
610 1075 711 1150 gladii,
725 1086 757 1131 et
772 1095 790 1130 a
802 1092 859 1130 nos·

116 1157 182 1212 tris:
198 1176 245 1213 res
258 1167 319 1214 erat
335 1159 439 1212 Ριιιοι
441 1156 506 1212 rbus
519 1166 587 1214 nota
596 1154 685 1210 solis
709 1153 860 1228 ignoraba-

117 1246 167 1290 tur
182 1233 325 1291 sceleris.

157 1313 254 1368 Tum
248 1321 390 1368 ruterreut
392 1330 411 1366 u
380 1312 509 1368 tt'Pon
490 1313 542 1368 tmi
555 1324 643 1383 atque
652 1309 756 1368 Flacci
764 1329 859 1385 pugile

117 1413 133 1465 q
139 1412 178 1448 ιιιι
192 1402 253 1446 erat
267 1386 420 1456 commiss,
434 1393 569 1448 sedaturt
585 1391 701 1455 litterae,
711 1405 859 1462 quaeeum·

116 1489 173 1544 que
186 1483 268 1525 erunt
282 1469 311 1525 in
326 1487 361 1524 eo
372 1469 524 1537 comitatu,
532 1469 657 1544 integris
669 1467 780 1541 sigule,
789 1471 859 1525 Prae·

116 1549 227 1604 toribus
240 1549 415 1604 traduntur:
438 1545 496 1620 ipsi
511 1547 723 1621 comprehensi
743 1548 787 1602 »ad
808 1566 859 1613 me,

116 1626 189 1683 crim
202 1627 264 1702 jum
285 1626 488 1692 dilucesceret,
509 1629 706 1684 deducuntur.
763 1628 858 1699 Atque

117 1708 225 1764 hurum
257 1705 390 1762 onmium
426 1707 572 1762 scelerum
604 1703 858 1775 improbissimum

115 1785 350 1842 machinatorem
363 1782 521 1841 Cimbrum
537 1783 700 1840 Gabinium
714 1781 816 1839 statim
830 1782 859 1837 ad

116 1882 175 1928 me,
200 1860 347 1920 nihildum
370 1863 576 1936 suspicantem,
594 1860 704 1919 vocavi.
747 1859 857 1918 Deinde

113 1942 188 1996 item
209 1941 366 1998 arcessitur
387 1943 421 1997 L.
445 1940 585 2010 Statilius,
598 1951 707 2011 etpost
719 1959 797 1999 eum
809 1942 858 1996 Ce-

116 2022 246 2091 thegus:
278 2019 445 2076 tardissime
471 2030 569 2077 autem
598 2022 745 2078 Lentulus
774 2019 858 2083 venit,

116 2099 204 2154 credo
218 2095 297 2169 quud
311 2098 413 2154 litteris
427 2097 531 2156 dandis
550 2100 658 2173 preter
672 2095 859 2157 consuetudi-

116 2193 185 2231 nem
199 2176 335 2247 proximi
350 2187 435 2234 noete
450 2177 595 2252 vigilaret.
635 2179 716 2236 Cum
730 2177 858 2234 summis

116 2273 150 2312 ac
165 2253 334 2310 clarissimis
348 2255 437 2330 hujus
450 2256 575 2313 civitatis
588 2257 667 2324 viris,
685 2257 749 2330 qui,
763 2256 858 2314 auditi

116 2351 158 2402 re,
171 2333 340 2406 frequentes
360 2336 395 2391 ad
416 2354 466 2392 me
487 2334 573 2390 mane
591 2348 802 2399 convenerant,
818 2336 859 2390 lit·

115 2422 192 2469 tras
207 2410 222 2466 l
237 2431 285 2467 me
300 2411 382 2486 priris
393 2413 509 2486 aperiri,
518 2411 606 2478 (malm
620 2416 656 2470 ad
669 2428 810 2472 senatum
817 2431 858 2468 re·

116 2489 234 2556 ferrem,
255 2493 394 2562 placeret,
407 2511 454 2558 ne,
474 2510 499 2546 si
490 2491 586 2548 nihil
600 2503 678 2551 esset
696 2493 858 2554 inventum,

113 2579 152 2622 te·
149 2567 225 2623 mere
240 2589 255 2623 a
268 2587 316 2623 me
331 2579 427 2626 tantus
447 2571 616 2626 tumultus
607 2570 736 2647 mjectus
751 2570 857 2628 eivitei

75 2663 86 2678 ’
113 2643 179 2700 virle
165 2658 226 2700 ret
229 2665 272 2712 ur,
281 2647 858 2739 menegaviessefacturumutdeperi·

113 2723 180 2776 culo
187 2724 406 2792 publicononad
414 2741 493 2781 cous
488 2725 568 2781 lium
580 2726 737 2798 publicum
743 2745 856 2784 remm

113 2804 229 2872 tegram
243 2801 397 2858 deferrem
411 2802 450 2859 Et
439 2801 541 2873 teninr,
551 2803 727 2875 Quirites,si
737 2823 775 2866 ee
789 2823 854 2880 quae
