<?xml version="1.0" encoding="UTF-8"?>
<!DOCTYPE html PUBLIC "-//W3C//DTD XHTML 1.0 Transitional//EN"
    "http://www.w3.org/TR/xhtml1/DTD/xhtml1-transitional.dtd">
<html xmlns="http://www.w3.org/1999/xhtml" xml:lang="en" lang="en">
 <head>
  <title>
</title>
<meta http-equiv="Content-Type" content="text/html;charset=utf-8" />
  <meta name='ocr-system' content='tesseract 3.04.00' />
  <meta name='ocr-capabilities' content='ocr_page ocr_carea ocr_par ocr_line ocrx_word'/>
</head>
<body>
  <div class='ocr_page' id='page_1' title='image "./narrationesexce00watsgoog_0267.png"; bbox 0 0 1875 3267; ppageno 0'>
   <div class='ocr_carea' id='block_1_1' title="bbox 456 289 519 350">
    <p class='ocr_par' dir='ltr' id='par_1_1' title="bbox 456 289 519 350">
     <span class='ocr_line' id='line_1_1' title="bbox 456 289 519 350; baseline 0.063 -5"><span class='ocrx_word' id='word_1_1' title='bbox 456 289 519 350; x_wconf 73' lang='lat'><strong>268</strong></span> 
     </span>
    </p>
   </div>
   <div class='ocr_carea' id='block_1_2' title="bbox 33 509 855 2853">
    <p class='ocr_par' dir='ltr' id='par_1_2' title="bbox 33 509 855 2853">
     <span class='ocr_line' id='line_1_2' title="bbox 153 509 853 586; baseline -0.003 -14"><span class='ocrx_word' id='word_1_2' title='bbox 153 515 281 572; x_wconf 72' lang='lat' dir='ltr'><strong>Mum</strong></span> <span class='ocrx_word' id='word_1_3' title='bbox 302 516 412 574; x_wconf 77' lang='lat' dir='ltr'><strong>classen</strong></span> <span class='ocrx_word' id='word_1_4' title='bbox 430 511 573 581; x_wconf 80' lang='lat' dir='ltr'><strong>Romanae</strong></span> <span class='ocrx_word' id='word_1_5' title='bbox 595 509 612 567; x_wconf 84' lang='grc' dir='ltr'>ὲ</span> <span class='ocrx_word' id='word_1_6' title='bbox 633 510 853 586; x_wconf 64' lang='lat' dir='ltr'><strong>Siciliamque</strong></span> 
     </span>
     <span class='ocr_line' id='line_1_3' title="bbox 113 589 853 668; baseline 0 -18"><span class='ocrx_word' id='word_1_7' title='bbox 113 610 177 666; x_wconf 73' lang='lat' dir='ltr'><strong>ipso</strong></span> <span class='ocrx_word' id='word_1_8' title='bbox 190 592 240 650; x_wconf 90' lang='lat' dir='ltr'><strong>illo</strong></span> <span class='ocrx_word' id='word_1_9' title='bbox 253 604 337 666; x_wconf 91' lang='lat' dir='ltr'><strong>portu</strong></span> <span class='ocrx_word' id='word_1_10' title='bbox 352 593 490 668; x_wconf 78' lang='lat' dir='ltr'><strong>proiectae</strong></span> <span class='ocrx_word' id='word_1_11' title='bbox 505 601 594 649; x_wconf 84' lang='lat' dir='ltr'><strong>crant.</strong></span> <span class='ocrx_word' id='word_1_12' title='bbox 629 589 787 651; x_wconf 73' lang='lat' dir='ltr'><strong>Caeterum</strong></span> <span class='ocrx_word' id='word_1_13' title='bbox 800 609 853 650; x_wconf 81' lang='lat' dir='ltr'><strong>oon</strong></span> 
     </span>
     <span class='ocr_line' id='line_1_4' title="bbox 111 670 854 746; baseline 0 -15"><span class='ocrx_word' id='word_1_14' title='bbox 111 689 148 731; x_wconf 77' lang='lat' dir='ltr'><strong>eo</strong></span> <span class='ocrx_word' id='word_1_15' title='bbox 169 673 246 728; x_wconf 90' lang='lat' dir='ltr'><strong>bello</strong></span> <span class='ocrx_word' id='word_1_16' title='bbox 268 671 365 728; x_wconf 73' lang='lat' dir='ltr'><strong>solum</strong></span> <span class='ocrx_word' id='word_1_17' title='bbox 387 671 454 746; x_wconf 87' lang='lat' dir='ltr'><strong>(nec</strong></span> <span class='ocrx_word' id='word_1_18' title='bbox 482 671 512 727; x_wconf 91' lang='lat' dir='ltr'><strong>id</strong></span> <span class='ocrx_word' id='word_1_19' title='bbox 537 670 669 737; x_wconf 73' lang='lat' dir='ltr'><strong>miron-13</strong></span> <span class='ocrx_word' id='word_1_20' title='bbox 689 672 854 742; x_wconf 71' lang='lat' dir='ltr'><strong>praedatam</strong></span> 
     </span>
     <span class='ocr_line' id='line_1_5' title="bbox 110 747 853 823; baseline 0.003 -19"><span class='ocrx_word' id='word_1_21' title='bbox 110 747 195 806; x_wconf 87' lang='lat' dir='ltr'><strong>enim</strong></span> <span class='ocrx_word' id='word_1_22' title='bbox 216 748 420 806; x_wconf 75' lang='lat' dir='ltr'><strong>tantummodo</strong></span> <span class='ocrx_word' id='word_1_23' title='bbox 446 751 599 823; x_wconf 71' lang='lat' dir='ltr'><strong>pleraeque</strong></span> <span class='ocrx_word' id='word_1_24' title='bbox 618 749 731 806; x_wconf 78' lang='lat' dir='ltr'><strong>classes</strong></span> <span class='ocrx_word' id='word_1_25' title='bbox 749 750 853 817; x_wconf 70' lang='lat' dir='ltr'><strong>ierant)</strong></span> 
     </span>
     <span class='ocr_line' id='line_1_6' title="bbox 111 825 854 902; baseline -0.003 -18"><span class='ocrx_word' id='word_1_26' title='bbox 111 829 163 884; x_wconf 76' lang='lat' dir='ltr'><strong>ced</strong></span> <span class='ocrx_word' id='word_1_27' title='bbox 190 845 227 884; x_wconf 86' lang='lat' dir='ltr'><strong>ne</strong></span> <span class='ocrx_word' id='word_1_28' title='bbox 250 828 345 900; x_wconf 90' lang='lat' dir='ltr'><strong>priore</strong></span> <span class='ocrx_word' id='word_1_29' title='bbox 367 828 498 902; x_wconf 86' lang='lat' dir='ltr'><strong>quidem,</strong></span> <span class='ocrx_word' id='word_1_30' title='bbox 529 828 589 882; x_wconf 83' lang='lat' dir='ltr'><strong>ulla</strong></span> <span class='ocrx_word' id='word_1_31' title='bbox 618 825 766 897; x_wconf 76' lang='lat' dir='ltr'><strong>profectio</strong></span> <span class='ocrx_word' id='word_1_32' title='bbox 788 826 854 889; x_wconf 78' lang='lat' dir='ltr'><strong>taati</strong></span> 
     </span>
     <span class='ocr_line' id='line_1_7' title="bbox 112 903 853 979; baseline -0.003 -19"><span class='ocrx_word' id='word_1_33' title='bbox 112 906 271 978; x_wconf 82' lang='lat' dir='ltr'><strong>spectaculi</strong></span> <span class='ocrx_word' id='word_1_34' title='bbox 297 905 371 962; x_wconf 85' lang='lat' dir='ltr'><strong>fuit:</strong></span> <span class='ocrx_word' id='word_1_35' title='bbox 403 903 584 978; x_wconf 67' lang='lat' dir='ltr'><strong>quamquam</strong></span> <span class='ocrx_word' id='word_1_36' title='bbox 605 905 630 960; x_wconf 84' lang='lat' dir='ltr'><strong>ai</strong></span> <span class='ocrx_word' id='word_1_37' title='bbox 651 903 853 979; x_wconf 71' lang='lat' dir='ltr'><strong>magnitudim</strong></span> 
     </span>
     <span class='ocr_line' id='line_1_8' title="bbox 110 981 854 1051; baseline 0 -11"><span class='ocrx_word' id='word_1_38' title='bbox 110 985 213 1042; x_wconf 78' lang='lat' dir='ltr'><strong>classis</strong></span> <span class='ocrx_word' id='word_1_39' title='bbox 227 985 430 1051; x_wconf 67' lang='lat' dir='ltr'><strong>aestirnaretun</strong></span> <span class='ocrx_word' id='word_1_40' title='bbox 442 994 472 1040; x_wconf 89' lang='lat' dir='ltr'><strong>et</strong></span> <span class='ocrx_word' id='word_1_41' title='bbox 483 982 544 1039; x_wconf 86' lang='lat' dir='ltr'><strong>bini</strong></span> <span class='ocrx_word' id='word_1_42' title='bbox 558 985 694 1041; x_wconf 80' lang='lat' dir='ltr'><strong>consules</strong></span> <span class='ocrx_word' id='word_1_43' title='bbox 703 1002 776 1048; x_wconf 85' lang='lat' dir='ltr'><strong>cum</strong></span> <span class='ocrx_word' id='word_1_44' title='bbox 783 981 854 1043; x_wconf 79' lang='lat' dir='ltr'><strong>uinis</strong></span> 
     </span>
     <span class='ocr_line' id='line_1_9' title="bbox 109 1060 855 1138; baseline -0.004 -17"><span class='ocrx_word' id='word_1_45' title='bbox 109 1061 292 1124; x_wconf 72' lang='lat' dir='ltr'>exercitibus</span> <span class='ocrx_word' id='word_1_46' title='bbox 305 1061 370 1118; x_wconf 69' lang='lat' dir='ltr'><strong>anti</strong></span> <span class='ocrx_word' id='word_1_47' title='bbox 379 1062 571 1138; x_wconf 85' lang='lat' dir='ltr'><strong>trajecerant:</strong></span> <span class='ocrx_word' id='word_1_48' title='bbox 592 1060 723 1133; x_wconf 71' lang='lat' dir='ltr'><strong>etprope</strong></span> <span class='ocrx_word' id='word_1_49' title='bbox 734 1061 855 1124; x_wconf 76' lang='lat' dir='ltr'><strong>tetidem</strong></span> 
     </span>
     <span class='ocr_line' id='line_1_10' title="bbox 110 1139 855 1213; baseline -0.001 -17"><span class='ocrx_word' id='word_1_50' title='bbox 110 1150 243 1198; x_wconf 82' lang='lat' dir='ltr'><strong>rostratae</strong></span> <span class='ocrx_word' id='word_1_51' title='bbox 258 1141 288 1196; x_wconf 93' lang='lat' dir='ltr'><strong>in</strong></span> <span class='ocrx_word' id='word_1_52' title='bbox 307 1141 364 1197; x_wconf 91' lang='lat' dir='ltr'><strong>illis</strong></span> <span class='ocrx_word' id='word_1_53' title='bbox 378 1140 519 1197; x_wconf 85' lang='lat' dir='ltr'><strong>classibus</strong></span> <span class='ocrx_word' id='word_1_54' title='bbox 532 1139 657 1206; x_wconf 65' lang='lat' dir='ltr'><strong>fueruit,</strong></span> <span class='ocrx_word' id='word_1_55' title='bbox 668 1150 745 1213; x_wconf 84' lang='lat' dir='ltr'><strong>quot</strong></span> <span class='ocrx_word' id='word_1_56' title='bbox 757 1157 855 1205; x_wconf 80' lang='lat' dir='ltr'><strong>onera·</strong></span> 
     </span>
     <span class='ocr_line' id='line_1_11' title="bbox 110 1215 854 1294; baseline 0.003 -22"><span class='ocrx_word' id='word_1_57' title='bbox 110 1216 162 1274; x_wconf 90' lang='lat' dir='ltr'><strong>riis</strong></span> <span class='ocrx_word' id='word_1_58' title='bbox 177 1217 274 1290; x_wconf 88' lang='lat' dir='ltr'><strong>Scipio</strong></span> <span class='ocrx_word' id='word_1_59' title='bbox 287 1215 549 1294; x_wconf 74' lang='lat' dir='ltr'><strong>ttlm‘trajiciebat3</strong></span> <span class='ocrx_word' id='word_1_60' title='bbox 569 1235 639 1274; x_wconf 83' lang='lat' dir='ltr'><strong>narn</strong></span> <span class='ocrx_word' id='word_1_61' title='bbox 651 1230 764 1292; x_wconf 82' lang='lat' dir='ltr'><strong>praeter</strong></span> <span class='ocrx_word' id='word_1_62' title='bbox 774 1218 854 1291; x_wconf 92' lang='lat' dir='ltr'><strong>quin·</strong></span> 
     </span>
     <span class='ocr_line' id='line_1_12' title="bbox 111 1294 855 1372; baseline -0.001 -20"><span class='ocrx_word' id='word_1_63' title='bbox 111 1296 249 1372; x_wconf 82' lang='lat' dir='ltr'><strong>quaginta</strong></span> <span class='ocrx_word' id='word_1_64' title='bbox 269 1299 371 1370; x_wconf 83' lang='lat' dir='ltr'><strong>longas</strong></span> <span class='ocrx_word' id='word_1_65' title='bbox 392 1315 492 1363; x_wconf 83' lang='lat' dir='ltr'><strong>naves,</strong></span> <span class='ocrx_word' id='word_1_66' title='bbox 517 1295 737 1370; x_wconf 82' lang='lat' dir='ltr'>quadringentis</span> <span class='ocrx_word' id='word_1_67' title='bbox 762 1294 855 1353; x_wconf 73' lang='lat' dir='ltr'><strong>ferme</strong></span> 
     </span>
     <span class='ocr_line' id='line_1_13' title="bbox 109 1372 854 1433; baseline 0.003 -4"><span class='ocrx_word' id='word_1_68' title='bbox 109 1372 251 1430; x_wconf 88' lang='lat' dir='ltr'><strong>onerariis</strong></span> <span class='ocrx_word' id='word_1_69' title='bbox 262 1375 425 1433; x_wconf 75' lang='lat' dir='ltr'><strong>exercitum</strong></span> <span class='ocrx_word' id='word_1_70' title='bbox 434 1378 605 1432; x_wconf 74' lang='lat' dir='ltr'><strong>transvexit.</strong></span> <span class='ocrx_word' id='word_1_71' title='bbox 634 1375 694 1433; x_wconf 85' lang='lat' dir='ltr'><strong>Sed</strong></span> <span class='ocrx_word' id='word_1_72' title='bbox 707 1386 739 1432; x_wconf 91' lang='lat' dir='ltr'><strong>et</strong></span> <span class='ocrx_word' id='word_1_73' title='bbox 745 1375 854 1433; x_wconf 86' lang='lat' dir='ltr'><strong>bellum</strong></span> 
     </span>
     <span class='ocr_line' id='line_1_14' title="bbox 108 1452 854 1526; baseline 0.004 -19"><span class='ocrx_word' id='word_1_74' title='bbox 108 1452 193 1520; x_wconf 85' lang='lat' dir='ltr'><strong>bello,</strong></span> <span class='ocrx_word' id='word_1_75' title='bbox 210 1452 374 1508; x_wconf 76' lang='lat' dir='ltr'><strong>secundum</strong></span> <span class='ocrx_word' id='word_1_76' title='bbox 393 1453 492 1526; x_wconf 90' lang='lat' dir='ltr'><strong>priore</strong></span> <span class='ocrx_word' id='word_1_77' title='bbox 512 1463 544 1508; x_wconf 90' lang='lat' dir='ltr'><strong>ut</strong></span> <span class='ocrx_word' id='word_1_78' title='bbox 564 1453 690 1509; x_wconf 83' lang='lat' dir='ltr'><strong>atrocius</strong></span> <span class='ocrx_word' id='word_1_79' title='bbox 711 1453 854 1513; x_wconf 76' lang='lat' dir='ltr'><strong>Romania</strong></span> 
     </span>
     <span class='ocr_line' id='line_1_15' title="bbox 110 1526 853 1604; baseline 0.004 -20"><span class='ocrx_word' id='word_1_80' title='bbox 110 1526 269 1598; x_wconf 80' lang='lat' dir='ltr'><strong>videretur,</strong></span> <span class='ocrx_word' id='word_1_81' title='bbox 281 1549 349 1588; x_wconf 89' lang='lat' dir='ltr'><strong>cum</strong></span> <span class='ocrx_word' id='word_1_82' title='bbox 365 1529 444 1604; x_wconf 72' lang='lat' dir='ltr'><strong>quud</strong></span> <span class='ocrx_word' id='word_1_83' title='bbox 462 1530 493 1586; x_wconf 91' lang='lat' dir='ltr'><strong>in</strong></span> <span class='ocrx_word' id='word_1_84' title='bbox 509 1529 593 1587; x_wconf 78' lang='lat' dir='ltr'><strong>ltalia</strong></span> <span class='ocrx_word' id='word_1_85' title='bbox 604 1528 775 1596; x_wconf 71' lang='lat' dir='ltr'><strong>bellabatur</strong></span> <span class='ocrx_word' id='word_1_86' title='bbox 790 1529 853 1587; x_wconf 79' lang='lat' dir='ltr'><strong>tum</strong></span> 
     </span>
     <span class='ocr_line' id='line_1_16' title="bbox 108 1607 851 1684; baseline 0 -20"><span class='ocrx_word' id='word_1_87' title='bbox 108 1607 243 1682; x_wconf 76' lang='lat' dir='ltr'><strong>ingentes</strong></span> <span class='ocrx_word' id='word_1_88' title='bbox 257 1623 369 1684; x_wconf 81' lang='lat' dir='ltr'><strong>strages</strong></span> <span class='ocrx_word' id='word_1_89' title='bbox 389 1619 432 1666; x_wconf 90' lang='lat' dir='ltr'><strong>tot</strong></span> <span class='ocrx_word' id='word_1_90' title='bbox 454 1608 642 1666; x_wconf 84' lang='lat' dir='ltr'><strong>exercituum</strong></span> <span class='ocrx_word' id='word_1_91' title='bbox 656 1610 747 1668; x_wconf 86' lang='lat' dir='ltr'><strong>simul</strong></span> <span class='ocrx_word' id='word_1_92' title='bbox 768 1609 851 1667; x_wconf 81' lang='lat' dir='ltr'><strong>caesis</strong></span> 
     </span>
     <span class='ocr_line' id='line_1_17' title="bbox 110 1685 852 1761; baseline 0.005 -20"><span class='ocrx_word' id='word_1_93' title='bbox 110 1685 233 1744; x_wconf 89' lang='lat' dir='ltr'><strong>ducibus</strong></span> <span class='ocrx_word' id='word_1_94' title='bbox 247 1689 385 1746; x_wconf 83' lang='lat' dir='ltr'><strong>effecerat</strong></span> <span class='ocrx_word' id='word_1_95' title='bbox 396 1710 404 1754; x_wconf 78' lang='lat'>3</span> <span class='ocrx_word' id='word_1_96' title='bbox 425 1698 456 1745; x_wconf 89' lang='lat' dir='ltr'><strong>ct</strong></span> <span class='ocrx_word' id='word_1_97' title='bbox 467 1686 567 1761; x_wconf 85' lang='lat' dir='ltr'><strong>Scipio</strong></span> <span class='ocrx_word' id='word_1_98' title='bbox 577 1688 637 1745; x_wconf 85' lang='lat' dir='ltr'><strong>dux</strong></span> <span class='ocrx_word' id='word_1_99' title='bbox 645 1685 758 1759; x_wconf 84' lang='lat' dir='ltr'><strong>partim</strong></span> <span class='ocrx_word' id='word_1_100' title='bbox 770 1687 852 1745; x_wconf 77' lang='lat' dir='ltr'><strong>factis</strong></span> 
     </span>
     <span class='ocr_line' id='line_1_18' title="bbox 108 1761 850 1843; baseline 0 -21"><span class='ocrx_word' id='word_1_101' title='bbox 108 1763 239 1834; x_wconf 81' lang='lat' dir='ltr'><strong>fortibus,</strong></span> <span class='ocrx_word' id='word_1_102' title='bbox 252 1761 359 1840; x_wconf 83' lang='lat' dir='ltr'><strong>partim</strong></span> <span class='ocrx_word' id='word_1_103' title='bbox 369 1765 470 1841; x_wconf 71' lang='lat' dir='ltr'><strong>suapte</strong></span> <span class='ocrx_word' id='word_1_104' title='bbox 483 1764 738 1838; x_wconf 67' lang='lat' dir='ltr'><strong>fortunaquadaru</strong></span> <span class='ocrx_word' id='word_1_105' title='bbox 749 1768 850 1843; x_wconf 67' lang='lat' dir='ltr'><strong>ingen·</strong></span> 
     </span>
     <span class='ocr_line' id='line_1_19' title="bbox 108 1841 852 1921; baseline 0.008 -23"><span class='ocrx_word' id='word_1_106' title='bbox 108 1841 147 1899; x_wconf 85' lang='lat' dir='ltr'><strong>tis</strong></span> <span class='ocrx_word' id='word_1_107' title='bbox 160 1845 193 1902; x_wconf 90' lang='lat' dir='ltr'><strong>ad</strong></span> <span class='ocrx_word' id='word_1_108' title='bbox 207 1844 387 1902; x_wconf 88' lang='lat' dir='ltr'><strong>incrementa</strong></span> <span class='ocrx_word' id='word_1_109' title='bbox 400 1845 502 1921; x_wconf 81' lang='lat' dir='ltr'><strong>gloriae</strong></span> <span class='ocrx_word' id='word_1_110' title='bbox 516 1845 680 1907; x_wconf 81' lang='lat' dir='ltr'><strong>celebratus</strong></span> <span class='ocrx_word' id='word_1_111' title='bbox 700 1842 852 1905; x_wconf 76' lang='lat' dir='ltr'><strong>converto·</strong></span> 
     </span>
     <span class='ocr_line' id='line_1_20' title="bbox 108 1920 851 2000; baseline 0.004 -24"><span class='ocrx_word' id='word_1_112' title='bbox 108 1929 153 1982; x_wconf 87' lang='lat' dir='ltr'><strong>rat</strong></span> <span class='ocrx_word' id='word_1_113' title='bbox 166 1922 297 2000; x_wconf 85' lang='lat' dir='ltr'><strong>animos:</strong></span> <span class='ocrx_word' id='word_1_114' title='bbox 320 1925 408 1980; x_wconf 84' lang='lat' dir='ltr'><strong>simul</strong></span> <span class='ocrx_word' id='word_1_115' title='bbox 436 1933 465 1980; x_wconf 89' lang='lat' dir='ltr'><strong>et</strong></span> <span class='ocrx_word' id='word_1_116' title='bbox 485 1939 571 1980; x_wconf 85' lang='lat' dir='ltr'><strong>mens</strong></span> <span class='ocrx_word' id='word_1_117' title='bbox 590 1920 654 1994; x_wconf 84' lang='lat' dir='ltr'><strong>ipsa</strong></span> <span class='ocrx_word' id='word_1_118' title='bbox 674 1923 851 2000; x_wconf 75' lang='lat' dir='ltr'><strong>trajiciendi,</strong></span> 
     </span>
     <span class='ocr_line' id='line_1_21' title="bbox 106 1998 851 2074; baseline 0.003 -18"><span class='ocrx_word' id='word_1_119' title='bbox 106 1999 180 2056; x_wconf 88' lang='lat' dir='ltr'><strong>nulli</strong></span> <span class='ocrx_word' id='word_1_120' title='bbox 190 1998 254 2056; x_wconf 72' lang='lat' dir='ltr'><strong>ante</strong></span> <span class='ocrx_word' id='word_1_121' title='bbox 268 2001 303 2056; x_wconf 73' lang='lat' dir='ltr'><strong>eo</strong></span> <span class='ocrx_word' id='word_1_122' title='bbox 317 2004 392 2059; x_wconf 87' lang='lat' dir='ltr'><strong>bello</strong></span> <span class='ocrx_word' id='word_1_123' title='bbox 406 2001 475 2058; x_wconf 88' lang='lat' dir='ltr'><strong>duci</strong></span> <span class='ocrx_word' id='word_1_124' title='bbox 487 2010 604 2067; x_wconf 86' lang='lat' dir='ltr'><strong>tentata,</strong></span> <span class='ocrx_word' id='word_1_125' title='bbox 617 2003 696 2074; x_wconf 88' lang='lat' dir='ltr'><strong>quod</strong></span> <span class='ocrx_word' id='word_1_126' title='bbox 709 2003 748 2058; x_wconf 90' lang='lat' dir='ltr'><strong>ad</strong></span> <span class='ocrx_word' id='word_1_127' title='bbox 759 2001 851 2074; x_wconf 78' lang='lat' dir='ltr'><strong>Anni·</strong></span> 
     </span>
     <span class='ocr_line' id='line_1_22' title="bbox 107 2077 850 2146; baseline 0.008 -15"><span class='ocrx_word' id='word_1_128' title='bbox 107 2077 204 2132; x_wconf 84' lang='lat' dir='ltr'><strong>halem</strong></span> <span class='ocrx_word' id='word_1_129' title='bbox 217 2079 429 2137; x_wconf 85' lang='lat' dir='ltr'><strong>detrahendum</strong></span> <span class='ocrx_word' id='word_1_130' title='bbox 440 2091 478 2136; x_wconf 79' lang='lat' dir='ltr'><strong>etr</strong></span> <span class='ocrx_word' id='word_1_131' title='bbox 491 2077 584 2146; x_wconf 71' lang='lat' dir='ltr'><strong>Italia,</strong></span> <span class='ocrx_word' id='word_1_132' title='bbox 603 2078 850 2137; x_wconf 79' lang='lat' dir='ltr'><strong>transferendum·</strong></span> 
     </span>
     <span class='ocr_line' id='line_1_23' title="bbox 70 2153 850 2227; baseline 0.005 -15"><span class='ocrx_word' id='word_1_133' title='bbox 70 2207 73 2212; x_wconf 90' lang='lat'><em>.</em></span> <span class='ocrx_word' id='word_1_134' title='bbox 107 2171 166 2227; x_wconf 90' lang='lat' dir='ltr'><strong>que</strong></span> <span class='ocrx_word' id='word_1_135' title='bbox 179 2165 207 2210; x_wconf 88' lang='lat' dir='ltr'><strong>et</strong></span> <span class='ocrx_word' id='word_1_136' title='bbox 222 2153 382 2215; x_wconf 86' lang='lat' dir='ltr'><strong>finiendum</strong></span> <span class='ocrx_word' id='word_1_137' title='bbox 396 2157 425 2214; x_wconf 90' lang='lat' dir='ltr'><strong>in</strong></span> <span class='ocrx_word' id='word_1_138' title='bbox 440 2157 544 2216; x_wconf 75' lang='lat' dir='ltr'><strong>Africa</strong></span> <span class='ocrx_word' id='word_1_139' title='bbox 558 2159 669 2214; x_wconf 88' lang='lat' dir='ltr'><strong>bellum</strong></span> <span class='ocrx_word' id='word_1_140' title='bbox 681 2177 712 2217; x_wconf 86' lang='lat' dir='ltr'><strong>se</strong></span> <span class='ocrx_word' id='word_1_141' title='bbox 723 2161 850 2219; x_wconf 85' lang='lat' dir='ltr'><strong>transire</strong></span> 
     </span>
     <span class='ocr_line' id='line_1_24' title="bbox 108 2233 852 2310; baseline 0.015 -24"><span class='ocrx_word' id='word_1_142' title='bbox 108 2233 287 2308; x_wconf 79' lang='lat' dir='ltr'><strong>vulgaverat.</strong></span> <span class='ocrx_word' id='word_1_143' title='bbox 326 2235 524 2294; x_wconf 74' lang='lat' dir='ltr'><strong>concurrerat</strong></span> <span class='ocrx_word' id='word_1_144' title='bbox 542 2237 578 2302; x_wconf 81' lang='lat' dir='ltr'><strong>ad</strong></span> <span class='ocrx_word' id='word_1_145' title='bbox 599 2239 803 2310; x_wconf 80' lang='lat' dir='ltr'><strong>spectaculum</strong></span> <span class='ocrx_word' id='word_1_146' title='bbox 821 2237 852 2297; x_wconf 81' lang='lat' dir='ltr'><strong>in</strong></span> 
     </span>
     <span class='ocr_line' id='line_1_25' title="bbox 107 2311 851 2382; baseline 0.009 -17"><span class='ocrx_word' id='word_1_147' title='bbox 107 2321 225 2382; x_wconf 87' lang='lat' dir='ltr'><strong>portum</strong></span> <span class='ocrx_word' id='word_1_148' title='bbox 244 2311 341 2368; x_wconf 79' lang='lat' dir='ltr'><strong>omnic</strong></span> <span class='ocrx_word' id='word_1_149' title='bbox 360 2316 453 2382; x_wconf 83' lang='lat' dir='ltr'><strong>turba,</strong></span> <span class='ocrx_word' id='word_1_150' title='bbox 470 2333 529 2370; x_wconf 90' lang='lat' dir='ltr'><strong>non</strong></span> <span class='ocrx_word' id='word_1_151' title='bbox 549 2313 739 2372; x_wconf 78' lang='lat' dir='ltr'><strong>habitantium</strong></span> <span class='ocrx_word' id='word_1_152' title='bbox 760 2314 851 2372; x_wconf 74' lang='lat' dir='ltr'><strong>modo</strong></span> 
     </span>
     <span class='ocr_line' id='line_1_26' title="bbox 107 2387 849 2467; baseline 0 -21"><span class='ocrx_word' id='word_1_153' title='bbox 107 2390 122 2446; x_wconf 90' lang='lat'>1</span> <span class='ocrx_word' id='word_1_154' title='bbox 126 2387 239 2464; x_wconf 59' lang='lat' dir='ltr'><strong>rilybaei</strong></span> <span class='ocrx_word' id='word_1_155' title='bbox 254 2393 312 2448; x_wconf 82' lang='lat' dir='ltr'><strong>acd-</strong></span> <span class='ocrx_word' id='word_1_156' title='bbox 325 2391 506 2467; x_wconf 80' lang='lat' dir='ltr'><strong>legationum</strong></span> <span class='ocrx_word' id='word_1_157' title='bbox 526 2393 660 2451; x_wconf 85' lang='lat' dir='ltr'><strong>omniurn</strong></span> <span class='ocrx_word' id='word_1_158' title='bbox 674 2413 713 2451; x_wconf 80' lang='lat' dir='ltr'><strong>ex</strong></span> <span class='ocrx_word' id='word_1_159' title='bbox 726 2394 849 2450; x_wconf 78' lang='lat' dir='ltr'><strong>Sicilia:</strong></span> 
     </span>
     <span class='ocr_line' id='line_1_27' title="bbox 33 2465 849 2550; baseline 0.002 -27"><span class='ocrx_word' id='word_1_160' title='bbox 33 2465 38 2474; x_wconf 87' lang='grc'><em>“</em></span> <span class='ocrx_word' id='word_1_161' title='bbox 108 2483 175 2550; x_wconf 77' lang='lat' dir='ltr'><strong>quae</strong></span> <span class='ocrx_word' id='word_1_162' title='bbox 201 2479 230 2525; x_wconf 87' lang='lat' dir='ltr'><strong>et</strong></span> <span class='ocrx_word' id='word_1_163' title='bbox 253 2469 288 2525; x_wconf 91' lang='lat' dir='ltr'><strong>ad</strong></span> <span class='ocrx_word' id='word_1_164' title='bbox 311 2472 546 2546; x_wconf 80' lang='lat' dir='ltr'><strong>prosequendum</strong></span> <span class='ocrx_word' id='word_1_165' title='bbox 571 2471 742 2546; x_wconf 86' lang='lat' dir='ltr'><strong>Scipionem</strong></span> <span class='ocrx_word' id='word_1_166' title='bbox 759 2469 849 2527; x_wconf 81' lang='lat' dir='ltr'><strong>officii</strong></span> 
     </span>
     <span class='ocr_line' id='line_1_28' title="bbox 106 2549 846 2624; baseline 0.007 -26"><span class='ocrx_word' id='word_1_167' title='bbox 106 2549 196 2602; x_wconf 74' lang='lat' dir='ltr'><strong>causa</strong></span> <span class='ocrx_word' id='word_1_168' title='bbox 210 2559 449 2614; x_wconf 83' lang='lat' dir='ltr'><strong>couvenerant‚et</strong></span> <span class='ocrx_word' id='word_1_169' title='bbox 458 2561 615 2620; x_wconf 86' lang='lat' dir='ltr'><strong>praetorem</strong></span> <span class='ocrx_word' id='word_1_170' title='bbox 627 2550 787 2624; x_wconf 90' lang='lat' dir='ltr'><strong>provinciae</strong></span> <span class='ocrx_word' id='word_1_171' title='bbox 802 2549 846 2606; x_wconf 86' lang='lat' dir='ltr'><strong>M.</strong></span> 
     </span>
     <span class='ocr_line' id='line_1_29' title="bbox 107 2622 847 2702; baseline 0.004 -20"><span class='ocrx_word' id='word_1_172' title='bbox 107 2622 304 2693; x_wconf 82' lang='lat' dir='ltr'><strong>Pomponium</strong></span> <span class='ocrx_word' id='word_1_173' title='bbox 312 2637 423 2686; x_wconf 84' lang='lat' dir='ltr'><strong>secutae</strong></span> <span class='ocrx_word' id='word_1_174' title='bbox 434 2625 550 2682; x_wconf 76' lang='lat' dir='ltr'><strong>fuerant</strong></span> <span class='ocrx_word' id='word_1_175' title='bbox 562 2649 570 2694; x_wconf 87' lang='lat'>;</span> <span class='ocrx_word' id='word_1_176' title='bbox 592 2629 629 2684; x_wconf 89' lang='lat' dir='ltr'><strong>ad</strong></span> <span class='ocrx_word' id='word_1_177' title='bbox 637 2631 694 2685; x_wconf 86' lang='lat' dir='ltr'><strong>hoc</strong></span> <span class='ocrx_word' id='word_1_178' title='bbox 701 2628 847 2702; x_wconf 80' lang='lat' dir='ltr'><strong>legiones,</strong></span> 
     </span>
     <span class='ocr_line' id='line_1_30' title="bbox 107 2701 846 2780; baseline 0.007 -25"><span class='ocrx_word' id='word_1_179' title='bbox 107 2715 173 2772; x_wconf 85' lang='lat' dir='ltr'><strong>quae</strong></span> <span class='ocrx_word' id='word_1_180' title='bbox 188 2701 217 2758; x_wconf 90' lang='lat' dir='ltr'><strong>in</strong></span> <span class='ocrx_word' id='word_1_181' title='bbox 232 2702 330 2759; x_wconf 74' lang='lat' dir='ltr'><strong>Sicilie</strong></span> <span class='ocrx_word' id='word_1_182' title='bbox 348 2704 592 2776; x_wconf 82' lang='lat' dir='ltr'><strong>relinquebantur,</strong></span> <span class='ocrx_word' id='word_1_183' title='bbox 610 2707 647 2762; x_wconf 82' lang='lat' dir='ltr'><strong>ad</strong></span> <span class='ocrx_word' id='word_1_184' title='bbox 666 2721 846 2780; x_wconf 59' lang='lat' dir='ltr'><strong>pmsequena</strong></span> 
     </span>
     <span class='ocr_line' id='line_1_31' title="bbox 104 2773 844 2853; baseline 0.02 -26"><span class='ocrx_word' id='word_1_185' title='bbox 104 2773 158 2834; x_wconf 81' lang='lat' dir='ltr'><strong>dua</strong></span> <span class='ocrx_word' id='word_1_186' title='bbox 179 2779 394 2842; x_wconf 73' lang='lat' dir='ltr'><strong>commilitones</strong></span> <span class='ocrx_word' id='word_1_187' title='bbox 415 2793 633 2853; x_wconf 74' lang='lat' dir='ltr'><strong>processerant:</strong></span> <span class='ocrx_word' id='word_1_188' title='bbox 660 2801 717 2843; x_wconf 81' lang='lat' dir='ltr'><strong>nec</strong></span> <span class='ocrx_word' id='word_1_189' title='bbox 739 2782 844 2842; x_wconf 61' lang='lat' dir='ltr'><strong>eurio</strong></span> 
     </span>
    </p>
   </div>
   <div class='ocr_carea' id='block_1_3' title="bbox 0 0 942 3267">
    <p class='ocr_par' dir='ltr' id='par_1_3' title="bbox 0 0 942 3267">
     <span class='ocr_line' id='line_1_32' title="bbox 0 0 942 3267; baseline 0 1"><span class='ocrx_word' id='word_1_190' title='bbox 0 0 942 3267; x_wconf 95' lang='lat' dir='ltr'><strong> </strong></span> 
     </span>
    </p>
   </div>
  </div>
 </body>
</html>
