1875 3267
453 212 515 268 278

114 353 214 421 tribus,
227 353 390 428 elephantis
403 357 549 417 undecim.
588 355 732 412 Victores
743 355 780 410 ad
799 355 854 411 ‹luo

114 433 204 488 millia
217 434 360 491 cecidere.
402 434 527 500 Annibal
546 453 620 491 cum
632 432 737 508 paucis
751 431 855 504 equiti·

114 513 168 568 bus
181 511 256 566 inter
270 515 431 570 tumultum
444 514 568 586 elapsus,
580 510 783 571 'Adrumetum
793 528 855 582 per·

114 588 205 664 fugit:
227 588 327 647 omnia
341 601 370 647 et
383 592 411 647 in
426 593 538 665 praelio,
550 602 581 648 et
592 587 660 648 ante
677 589 787 654 aciem,
799 588 856 660 pri·

114 666 241 742 usqueim
261 669 417 726 excederet
437 673 725 744 pugnQexpertus·
748 678 778 722 et
791 683 858 721 con·
900 684 901 697 ¹

113 743 239 804 sessione
260 746 347 804 etiarn
370 747 523 821 Scipionis,
541 747 739 818 omniumque
751 743 860 815 perito-

114 842 182 882 rum
195 823 319 894 militiae,
331 827 410 882 illam
431 827 550 882 laudem
566 827 697 897 adeptus,
713 820 856 893 singulari

114 916 176 964 arte
189 902 333 964 aciemeo
347 904 392 960 die
406 903 589 960 instruxisse.
629 902 816 972 Elephantos
829 899 857 954 in

115 982 213 1055 primi
226 978 337 1049 fronte;
359 999 486 1056 quorum
506 980 644 1038 fortuitus
664 980 802 1051 impetus
819 987 858 1031 at·

115 1079 172 1136 que
194 1060 381 1118 intolerabilis
397 1060 449 1125 ris,
472 1058 555 1134 signa
576 1058 669 1130 sequi,
688 1067 720 1112 et
741 1073 858 1112 servare

116 1138 234 1196 ordines
259 1138 302 1208 (in
326 1158 383 1214 quo
406 1134 571 1212 plurimum
603 1136 666 1209 spei
699 1131 858 1209 ponerent)

116 1219 266 1276 Romanos
286 1217 459 1290 prohiberet.
500 1213 613 1272 Deinde
632 1213 798 1269 auxiliares
814 1229 859 1266 an·

115 1295 144 1352 te
159 1295 446 1370 Carthaginiensium
459 1295 562 1359 aciem,
574 1311 610 1349 ne
625 1291 764 1349 homines
780 1286 865 1346 misti

115 1374 276 1436 colluvione
296 1374 429 1430 omnium
453 1373 595 1446 gentium,
611 1387 686 1444 quos
704 1385 768 1424 non
790 1369 859 1424 fides

113 1464 235 1516 teneret,
250 1452 301 1509 sed
314 1469 440 1518 merces,
461 1451 584 1506 liberum
605 1457 767 1520 receptum
782 1445 859 1520 fugae

115 1535 273 1599 haberent;
295 1530 383 1586 simul
397 1527 528 1600 primum
547 1528 681 1583 ardorem
701 1533 796 1596 atque
807 1524 860 1598 im·

115 1623 217 1686 petum
233 1611 360 1667 hostium
381 1604 562 1676 excipientes
581 1603 756 1679 fatigarent3
782 1621 819 1658 ac
838 1601 861 1657 si

115 1693 188 1752 nihil
213 1689 300 1758 aliud,
326 1685 496 1741 vulneribus
523 1683 594 1740 s'uis*
612 1683 727 1739 ferrum
754 1681 860 1739 hostile
899 1710 900 1733 l

117 1772 292 1832 hebetarent.
333 1765 423 1828 Turn,
438 1763 487 1818 ubi
500 1761 596 1818 omnis
610 1778 678 1832 spes
696 1769 791 1825 esset,
808 1759 861 1816 mi-

116 1853 181 1908 lites
201 1843 457 1918 Carthaginienses
479 1839 645 1912 Afrosque:
666 1849 699 1893 ut
721 1837 862 1894 omnibus

118 1930 205 1987 rebus
227 1924 289 1982 aliis
308 1939 401 1993 pares,
415 1917 450 1975 eb
470 1918 549 1992 quod
562 1916 668 1991 integri
681 1933 754 1972 curn
778 1914 863 1971 fessis

117 2027 150 2065 ac
165 2005 270 2060 sauciis
285 2008 458 2074 pugnarent,
478 1995 644 2068 superiores
662 2004 787 2049 essent:
810 1995 863 2049 Ita·

117 2087 189 2142 licos
201 2080 353 2137 intervallo
367 2093 483 2150 quoque
495 2074 664 2145 diremptos,
673 2071 808 2128 incertos
822 2090 864 2126 so

117 2163 153 2219 cii
165 2179 198 2218 an
212 2161 310 2215 hostes
320 2165 426 2220 essent,
435 2153 463 2208 in
474 2162 656 2227 postremam
666 2148 765 2206 aciem
782 2168 865 2207 sum·

116 2251 221 2297 motos.
264 2238 327 2292 Hoc
341 2234 417 2290 edito
430 2234 510 2288 velut
524 2230 628 2287 ultimo
638 2225 754 2284 virtutis
763 2246 864 2302 opere,

119 2316 244 2377 Annibal
268 2309 361 2386 (prum
383 2312 583 2366 Adrumetum
603 2305 774 2381 refugisset,
790 2306 866 2362 acci-

118 2408 224 2468 tusque
238 2389 305 2448 inde
327 2389 535 2462 Carthaginem
549 2395 632 2442 sexto
652 2403 686 2446 ac
706 2382 866 2458 trigesimo

117 2485 183 2548 post
196 2488 279 2532 anno,
294 2467 386 2542 quam
399 2483 473 2539 puer
486 2463 552 2521 inde
564 2461 714 2536 proiectus
727 2473 805 2530 erat,
821 2479 867 2517 re·

118 2555 225 2616 disset;
248 2549 341 2605 fassus
361 2546 390 2601 in
412 2541 496 2600 curii
517 2554 571 2607 est,
583 2558 641 2596 non
654 2538 757 2614 praelio
771 2543 866 2596 modo

120 2654 160 2700 se,
183 2631 233 2688 sed
251 2629 326 2684 bello
346 2624 467 2688 victum,
490 2639 542 2676 nec
567 2636 650 2691 spem
672 2617 777 2674 salutis
799 2618 865 2675 alibi

122 2708 211 2783 quim
226 2707 255 2766 in
269 2723 340 2780 pace
354 2701 537 2774 impetranda
551 2715 625 2753 esse.
