1875 3267
461 323 523 381 392

116 469 290 552 deprehensi
304 469 424 528 sceleris
439 463 542 542 sponte
555 474 683 521 mortem
698 461 861 536 sumpsisse

117 554 308 627 confingeret.
328 544 452 605 Interim
462 548 584 619 vulgato
594 541 863 618 Agrippinaeperi
921 578 923 629 ἰ

117 635 191 699 culo,
211 629 297 705 quasi
319 623 557 692 casuevenisset,
579 620 760 695 utquisque
782 637 864 679 acce·
921 656 923 675 .

115 720 208 784 perat,
220 709 378 766 decurrere
391 705 427 760 ad
439 701 529 760 littus.
572 699 614 757 Hi
624 697 754 774 molium
765 697 864 772 objec·
921 750 923 769 ,

114 801 172 845 tus.
185 785 217 844 hi
229 784 381 861 proximas
394 781 516 852 scaphas
529 779 689 836 scandere:
711 773 763 839 aiii
775 793 866 848 quan·
921 792 923 847 ς

115 879 182 926 tum
195 881 302 936 corpus
314 862 433 928 sinebat,
449 860 557 915 vadere
577 858 608 913 in
628 873 721 922 mare,
745 852 866 928 quidam
921 860 923 929 j

115 942 415 1018 manusprotendere.
455 932 722 1009 Questibus,votis,
735 932 866 988 clamare
921 956 923 963 ·

118 1023 234 1080 diversa
254 1017 455 1094 rogitantium,
477 1026 527 1074 aut
553 1015 665 1070 incerta
687 1011 866 1088 responden·
921 1028 923 1031 ·

117 1102 205 1169 tium,
230 1098 328 1156 omnis
353 1115 404 1153 ora
429 1093 590 1166 compleri:
612 1092 742 1149 adfluere
762 1088 865 1166 ingens
921 1112 923 1169 3

119 1177 278 1238 multitudo
299 1191 371 1234 cum
392 1172 564 1240 luminibus,
584 1180 671 1242 atque
685 1169 738 1226 ubi
754 1167 865 1224 incoiu-
921 1180 923 1225 i

118 1273 201 1315 mem
217 1273 281 1312 esse
295 1252 454 1328 pernotuit,
478 1252 513 1307 ut
533 1252 570 1307 ad
590 1249 780 1325 gratandum,
802 1263 864 1302 sese
921 1298 923 1309 ,

120 1335 269 1408 expedias,
289 1333 382 1388 donec
402 1341 524 1404 aspectu
540 1328 645 1386 armati
658 1336 689 1382 et
700 1322 864 1385 minitantis
921 1322 923 1335 '

120 1412 248 1487 agminis
260 1409 376 1487 disjecti
391 1421 466 1466 sunt.
482 1405 735 1466 Anicetusvillam
744 1400 864 1460 statione

121 1483 864 1562 circumdat,refractaquejanua,obviosservorum

120 1570 231 1643 arripit,
253 1569 346 1624 donec
369 1566 405 1623 ad
428 1565 509 1623 sores
526 1561 653 1620 cubiculi
665 1559 798 1618 veniret:
819 1558 864 1615 cui
921 1608 923 1631 ,

120 1648 207 1723 pauci
221 1649 377 1712 adstabant,
391 1643 496 1702 ceteris
509 1652 621 1699 terrore
634 1637 865 1714 irrumpentium
921 1672 923 1683 ·

121 1725 282 1783 exterritis.
316 1722 459 1781 Cubiculo
480 1721 634 1780 modicum
646 1721 751 1782 lumen
764 1715 864 1780 inerat,
921 1748 923 1789 3

122 1815 151 1860 et
175 1805 347 1860 ancillarum
368 1819 444 1858 unas
472 1798 571 1874 magis
596 1816 630 1854 ac
656 1797 757 1873 magis
778 1792 864 1852 anxia
921 1804 923 1821 ¹

121 1882 299 1958 Agrippina,
313 1881 392 1955 quod
404 1897 493 1936 nemo
506 1877 525 1935 ai
536 1875 608 1942 filio,
619 1894 653 1933 ac
665 1892 704 1932 ne
716 1871 864 1949 Agerinus

122 1963 262 2035 quidem:
284 1958 372 2017 aliam
386 1955 446 2016 ferd
459 1957 556 2015 littore
570 1954 687 2022 faciem,
705 1971 787 2011 nunc
800 1950 864 2008 soii·
921 1966 923 1995 ³

120 2039 256 2096 tudinem
279 2057 313 2095 ac
335 2037 502 2112 repentinos
515 2034 665 2108 strepitus,
688 2042 719 2088 ct
740 2026 863 2088 extremi

122 2116 193 2180 mali
206 2115 320 2172 indicia.
340 2119 478 2174 Abeunte
487 2108 594 2171 dehinc
606 2109 725 2177 ancilla,
737 2110 789 2166 Tu
796 2125 864 2181 quo·
921 2166 923 2173 ,

122 2213 180 2270 que
194 2214 244 2252 me
258 2192 379 2262 deseris,
391 2197 552 2265 prolocuta,
569 2188 690 2264 respicit
702 2186 864 2251 Anicetum
921 2176 923 2249 Ῐ

122 2273 284 2331 trierarcho
309 2273 459 2330 Herculeo
484 2281 515 2331 et
536 2266 669 2328 Oioarito
693 2262 863 2324 centurione
921 2276 923 2299 ³

123 2352 277 2416 classiario,
289 2350 472 2410 comitatum.
491 2352 550 2417 Ac,
562 2348 590 2406 si
599 2348 638 2405 ad
649 2345 807 2407 visendum
819 2359 865 2398 ve·

122 2432 222 2500 nisset,
232 2429 356 2488 refotam
369 2429 517 2486 nuntiaret
529 2423 546 2482 :'
558 2424 606 2484 sin
618 2424 865 2496 facinnspatratu·

123 2525 183 2576 rus,
206 2509 279 2564 nihil
297 2525 328 2568 se
342 2507 378 2569 de
392 2505 454 2564 filio
467 2507 600 2573 credere,
611 2521 671 2560 non
684 2502 864 2574 imperatum
921 2532 923 2535 -

120 2585 321 2656 parricidium.
362 2583 594 2648 Circumsistunt
613 2585 725 2639 lectum
746 2594 865 2652 percus·

123 2680 213 2727 sores,
233 2673 263 2719 et
285 2660 366 2734 prior
385 2661 564 2719 trierarchus
589 2659 659 2727 fusti
685 2667 776 2730 caput
801 2654 864 2732 ejus

121 2737 234 2822 afflixit,
274 2739 355 2796 Nam
376 2737 406 2795 in
428 2749 557 2798 mortem
571 2733 864 2797 centurioniferrum
921 2742 923 2745 '

121 2813 317 2886 distringenti,
326 2819 504 2888 protendens
517 2828 647 2886 uterum,
654 2824 793 2872 ventrem
804 2809 863 2876 feri,

121 2887 863 2970 exclamavit:multisquevulneribusconfectaest.
921 2926 923 2935 .
