1875 3267
446 293 508 350 114
569 356 576 378 ι

100 442 273 499 obstinatam
286 437 455 514 pudicitiam
465 436 660 496 velutvictrix
668 434 775 505 libido,
783 454 860 513 pro⁴

100 521 255 592 sectusque
274 518 340 576 inde
362 513 543 593 Tarquinius
562 516 653 586 ferox,
674 530 858 592 expugnato

101 599 207 656 decore
220 595 367 666 muliebri,
380 608 477 664 esset;
498 594 648 664 Lucretia,
664 607 779 653 moesta
791 607 858 654 tan·

100 687 131 734 to
145 679 230 743 malo,
238 677 380 733 nuncium
388 675 514 731 Romam
524 674 664 732 eumdem
672 675 708 730 ad
719 684 857 748 patrem,

100 757 291 829 Ardeamque
315 757 351 812 ad
365 753 463 810 virum
477 753 575 819 mittit,
588 762 621 808 ut
633 770 707 810 cum
720 753 857 829 singulis

99 833 232 892 fidelibus
245 834 348 891 amicis
361 831 494 889 veniant:
513 830 556 889 itai
577 830 664 898 facto,
685 841 857 890 maturato-

99 927 159 987 que
177 931 251 987 opus
276 932 359 970 esse:
381 929 447 966 rem
459 920 591 967 atrocem
604 908 754 967 incidisse.
802 913 855 985 sp.

99 992 256 1050 Lucretius
264 1010 334 1049 cum
346 993 376 1048 P.
391 989 514 1047 Valerio
526 989 629 1045 Volesi
639 987 710 1057 filio,
728 991 855 1047 Collati·

98 1086 158 1127 nus
170 1089 241 1128 cum
255 1072 289 1128 L.
300 1069 388 1128 Junio
399 1069 494 1128 Bruto
506 1066 605 1135 venit;
626 1084 698 1123 eum
711 1085 779 1143 quo
795 1068 855 1126 Ro·

99 1164 182 1206 mam
192 1146 265 1206 sortd
278 1149 404 1217 rediens,
417 1150 452 1206 ab
465 1146 573 1203 nuncio
586 1144 687 1203 uxoris
700 1161 767 1203 emt
782 1167 854 1205 con·

99 1237 213 1284 ventus.
254 1227 424 1285 Lucretiam
433 1227 586 1282 sedentem
597 1236 737 1282 moestam
751 1225 789 1283 in
803 1244 855 1284 cu·

98 1303 197 1363 biculo
210 1307 369 1362 inveniunt.
418 1306 555 1362 Adventu
568 1321 689 1360 suorum
702 1305 852 1377 lacrymae

98 1385 221 1450 obortae,
234 1383 437 1456 quaerentique
455 1383 528 1449 viro,
551 1382 642 1450 Satin,
655 1380 771 1439 salvae?
794 1383 853 1440 mi-

98 1459 191 1526 nime,
205 1460 310 1532 inquit,
323 1459 394 1534 quid
404 1461 484 1517 enim
493 1461 615 1518 salviest
627 1459 748 1518 mulieri
757 1461 853 1520 amis·

100 1541 134 1594 sa
147 1537 291 1612 pudicitia
301 1537 310 1593 ἶ
320 1538 457 1613 Vestigia
470 1539 525 1597 viri
538 1539 634 1609 alieni,
647 1539 809 1607 Collatiue,
819 1543 851 1599 in

99 1617 177 1675 lecto
191 1627 258 1674 sunt
269 1627 331 1674 tuo.
381 1619 535 1675 Coeterum
548 1637 657 1694 corpus
670 1627 714 1675 est
728 1618 851 1677 tantdm

98 1695 251 1764 violatum,
261 1696 377 1754 animus
389 1695 500 1764 insons,
513 1716 594 1755 mors
607 1695 690 1753 testis
701 1697 765 1755 erit.
788 1699 851 1756 Sed

100 1776 165 1832 date
179 1777 299 1834 dextras
312 1777 468 1849 fidemque,
486 1777 563 1833 haud
572 1773 694 1850 impune
710 1777 849 1837 adultero

100 1851 173 1911 fore.
215 1858 323 1913 Sextus
336 1865 380 1912 cst
393 1854 584 1927 Tarquinius,
604 1855 656 1929 qui
676 1854 768 1911 hostis
789 1874 847 1930 pro

99 1932 214 2003 hospite
228 1934 326 2005 priore
341 1944 433 2000 nocte¹
444 1934 472 1988 vi
488 1944 618 1990 armatus
632 1931 706 1989 mihi
720 1934 845 2010 sibique,

101 2010 127 2067 si
137 2029 189 2066 vos
202 2011 256 2066 viri
267 2013 344 2079 estis,
358 2011 531 2085 pestiferum
553 2013 621 2068 hinc
635 2012 754 2069 abstulit
772 2033 846 2088 gau.

100 2089 192 2147 dium.
233 2089 313 2146 Dant
326 2090 427 2147 ordine
441 2109 545 2148 omues
557 2089 647 2147 fidem
662 2112 670 2147 z
692 2095 844 2150 consolan-

100 2176 151 2224 tur
161 2182 272 2241 aegram
287 2168 386 2236 animi,
400 2171 555 2226 avertendo
570 2187 678 2229 noxam
691 2172 726 2226 ab
739 2177 843 2232 coacte

100 2234 132 2304 in
154 2256 304 2305 auctorem
320 2248 438 2316 delicti3
472 2259 603 2305 mentem
629 2267 765 2322 peccare,
782 2268 842 2310 non

100 2340 227 2397 corpus:
250 2336 280 2381 et
304 2325 380 2383 unde
394 2327 550 2383 consilium
572 2326 704 2393 abfuerit,
720 2330 842 2402 culpam

99 2405 210 2461 abesse.
252 2406 322 2473 Vos,
336 2405 439 2479 inquit,
452 2404 582 2462 videritis
598 2405 668 2477 quid
682 2405 725 2463 illi
740 2407 843 2467 debea-

99 2491 168 2539 tur:
191 2499 247 2556 ego
260 2501 319 2550 me,
333 2493 362 2540 et
378 2483 402 2544 si
415 2494 536 2557 peccato
557 2486 682 2552 absolvo,
696 2487 841 2559 supplicio

99 2577 158 2618 non
172 2559 271 2627 libero,
283 2579 337 2617 nec
349 2564 406 2617 ulla
425 2561 527 2618 deinde
537 2562 686 2636 impudica
692 2560 839 2626 Lucretiae

100 2640 237 2713 exemplo
249 2640 332 2696 vivet.
372 2642 518 2708 Cuitrum,
531 2658 621 2714 quem
635 2643 688 2698 sub
701 2651 781 2698 veste
791 2647 840 2700 ab·

99 2718 194 2775 ditum
216 2719 345 2786 habebat,
372 2737 442 2776 eum
456 2720 487 2775 in
501 2721 586 2776 eorde
599 2719 711 2794 defigit,
725 2724 839 2796 prolap-

100 2812 189 2867 saque
203 2797 232 2850 in
246 2797 363 2863 vulnus,
376 2797 549 2856 moribunda
561 2797 676 2856 cecidit.
716 2800 839 2863 Concla-

99 2883 182 2930 mant
193 2872 247 2941 vir,
256 2884 404 2948 paterque.
