1875 3267
430 203 495 284 aaa

239 413 523 523 Nluunrron
543 417 688 484 xxxv,

91 589 226 672 Capture
240 586 275 674 ol
286 589 454 672 Syracuse,
469 586 535 648 and
546 587 597 646 tte
613 583 704 644 death
722 577 766 663 eff
778 578 844 640 Ar-

128 692 289 770 cttmedes,
297 713 375 776 year
387 689 426 776 of
428 691 526 753 Rome
538 698 612 782 540,
622 686 662 748 A.
675 685 710 746 C.
722 691 801 743 212.

301 852 392 916 (Rom.
406 853 477 906 illst.
491 852 560 903 book
570 851 624 914 25.)

131 1003 372 1064 siatcnsanun
388 998 568 1076 oppugnatio
582 997 618 1054 ad
632 993 725 1052 linem
738 990 842 1050 venit:

93 1079 296 1155 praeterquam
310 1078 337 1137 vi
355 1097 389 1138 ac
402 1079 511 1148 virtute
523 1076 607 1134 ducis
619 1070 841 1145 exercitiisquo,

90 1157 230 1218 intestini
253 1159 340 1216 etiam
362 1155 526 1233 proditione
546 1156 656 1230 adjuti.
696 1151 842 1223 Namque

91 1235 254 1296 Marcellus
267 1236 349 1294 initio
370 1235 448 1300 veris
470 1236 611 1300 incertus,
624 1227 726 1286 utrum
747 1227 843 1302 Agri·

91 1323 229 1390 gentum¹
254 1317 290 1374 ad
300 1313 542 1372 Himilconemet
551 1311 763 1384 Hippocratem
774 1323 844 1362 ver·

89 1403 167 1450 teret
179 1396 299 1461 bellum,
314 1410 350 1449 an
373 1391 522 1450 obsidione
545 1391 705 1462 Syracusas
720 1401 844 1458 preme·

89 1465 151 1528 iet:
174 1469 355 1546 quamquam
377 1487 432 1528 nec
447 1470 476 1526 vi
491 1466 555 1541 capi
568 1465 682 1524 videbat
694 1481 781 1538 posse
797 1462 844 1519 in·

89 1550 319 1626 expugnabilem
339 1547 476 1606 terrestri
493 1566 528 1604 ac
551 1545 705 1604 maritimo
716 1541 776 1598 situ
792 1559 843 1598 ur-

88 1627 168 1700 bem,
182 1647 237 1688 nec
251 1629 339 1698 lame,
353 1646 441 1704 quam
454 1624 546 1704 prope
559 1623 643 1682 liberi
656 1623 692 1679 ab
712 1621 841 1680 Cartha·

91 1708 161 1785 gine
182 1720 368 1768 commeatus
389 1709 518 1771 alerem
538 1716 637 1761 tamen
658 1719 697 1758 ne
711 1699 782 1773 quid
795 1697 842 1756 in·

91 1799 250 1861 expertum
263 1786 450 1858 relinqueret,
460 1781 629 1859 transfugas
638 1784 842 1852 Syracusanos

89 1867 187 1935 (erant
200 1875 301 1924 autem
321 1864 396 1938 apud
412 1864 563 1918 Romanos
574 1854 674 1931 aliqui
693 1854 842 1914 nobilissi-

90 1939 136 2000 mi
155 1942 220 2009 viri,
244 1941 321 2000 inter
342 1939 537 2000 defectionem
550 1940 587 1994 ab
602 1934 754 2000 Romanis,
768 1936 842 2010 quia

91 2021 126 2077 ab
139 2021 224 2076 novis
235 2019 364 2078 consiliis
372 2017 572 2082 abhorrebant,
582 2013 673 2090 pulsi)
684 2014 842 2089 colloquiis

91 2115 153 2154 suae
175 2095 265 2168 partis
286 2108 396 2154 tentare
417 2094 576 2156 hominum
596 2093 712 2152 animos
728 2091 839 2168 jussit:

90 2183 121 2234 et
134 2173 222 2231 fidem
236 2175 313 2240 dare,
328 2175 352 2231 si
373 2173 487 2232 traditae
509 2170 605 2229 forent
626 2174 790 2244 Syracusae,
804 2169 839 2228 li·

88 2254 174 2310 beros
189 2271 239 2310 eos
252 2271 286 2310 ac
301 2253 366 2310 suis
384 2254 501 2328 legibus
514 2251 644 2321 victuros
657 2267 732 2304 esse.
765 2253 793 2308 N
798 2267 841 2307 on

91 2339 153 2389 erat
166 2330 321 2406 colloquiis
340 2332 446 2405 copia:
468 2329 538 2405 quia
562 2331 727 2386 multorum
745 2327 841 2389 animi

91 2409 230 2483 suspecti,
242 2411 376 2467 omnium
390 2427 491 2468 curam
514 2406 673 2480 oculusque
687 2419 842 2465 converte·

90 2500 164 2556 rant,
177 2503 214 2546 ne
229 2489 299 2564 quid
314 2487 426 2556 falleret
439 2489 496 2544 tale
510 2485 682 2543 admissum.
725 2485 841 2544 Servus

127 2694 139 2730 ²
163 2691 352 2756 Agrigentum,
365 2707 381 2740 ι
392 2690 445 2753 city
457 2689 490 2738 of
497 2691 590 2756 Sicily,
602 2705 671 2757 upon
684 2689 730 2742 the
744 2692 840 2743 south·

90 2769 136 2808 ern
148 2757 224 2813 sidet
247 2771 303 2808 now
316 2756 402 2810 called
415 2755 549 2820 Girgenti.
