1875 3267
467 286 526 338 ias

123 428 278 495 Romanae,
290 428 406 486 habuit.
430 427 482 504 qui
493 428 606 520 positus
619 429 693 488 sorte
705 431 736 488 in
751 432 874 491 statione

121 507 230 579 pontis,
243 505 467 582 quiimcaptum
475 507 627 583 repentino
636 510 749 582 impetu
757 514 775 571 J
777 531 875 570 amen

119 587 197 655 lum,
210 596 299 675 atque
312 585 380 644 iude
389 586 496 644 citatos
509 590 665 645 decurrere
676 591 775 648 hostes
786 591 874 648 vidis·

120 675 177 735 set,
193 663 407 770 trepidamque
428 668 549 724 turbam
570 682 692 724 suorum
722 687 805 728 arma
824 689 874 728 or·

120 744 265 834 dinesque
290 745 467 820 reinquere,
489 749 706 822 reprehensans
731 747 873 823 singulos,

119 822 279 892 obsistens,
299 829 507 900 obtestansque
540 825 642 882 Deum
665 836 694 882 et
715 828 873 887 hominum

119 901 224 972 fldem,
236 901 416 971 testabatur;
440 905 643 996 nequicquam
657 905 774 962 deserto
794 925 873 982 prae·

122 980 202 1037 sidio
215 999 266 1037 eos
279 981 391 1070 fugere.
413 982 444 1038 Si
455 984 612 1041 transitum
620 993 743 1058 pontem
756 983 773 1040 ai
785 994 872 1063 tergo

124 1057 344 1134 reliquissent,
334 1079 397 1136 Jam
414 1063 482 1136 plus
503 1062 655 1119 hostium
647 1080 678 1119 ιιι
693 1063 802 1121 Palatio
816 1067 872 1123 Ca·

117 1137 294 1216 pitolioqne,
303 1139 393 1214 quim
406 1139 437 1196 in
447 1141 579 1198 laniculo
592 1140 663 1198 fore
693 1144 796 1216 ltaque
809 1162 872 1200 mo·

120 1233 203 1285 nere,
217 1219 389 1308 praedicere,
403 1229 436 1276 ut
456 1230 579 1310 pontem
599 1220 659 1278 ferr
661 1241 687 1290 0,
706 1220 782 1298 igni,
801 1225 873 1294 qua-

119 1314 238 1372 cunque
257 1297 286 1354 ιι
305 1309 434 1372 possent,
457 1297 684 1393 interrumpunt.
726 1301 786 1358 Se'
779 1318 873 1373 impe·

116 1383 185 1432 tum
206 1375 345 1443 hostium,
366 1375 512 1452 quantum
538 1396 663 1454 corpore
690 1397 750 1438 uno
771 1391 873 1470 posset

117 1454 232 1524 obsisti,
264 1461 472 1530 excepturum.
493 1457 583 1515 Vadit
602 1457 700 1516 inde·
691 1477 722 1516 ιιι
735 1459 871 1534 primum

117 1532 235 1590 aditum
256 1535 370 1608 pontis:
392 1534 579 1611 insignisque
605 1536 682 1596 inter
711 1550 872 1636 conspecta

121 1612 292 1672 cedentium
305 1631 415 1690 pugnae
429 1625 524 1688 terga,
536 1617 669 1674 οἱιιειιίιι
683 1616 820 1675 cominus
832 1619 871 1676 ad

33 1761 37 1770 ι
120 1690 284 1749 ineundum
300 1692 453 1768 praelium
456 1694 558 1762 armis,
577 1695 642 1770 ipso
663 1697 807 1753 miraculo
819 1715 870 1754 au

118 1769 214 1828 daciae
226 1769 422 1846 obstupefecit
444 1773 564 1848 hostes;
585 1776 660 1831 duos
679 1785 778 1830 tamen
798 1794 869 1832 cum

118 1869 156 1910 eo
176 1851 271 1926 pudor
290 1850 396 1920 tenuit,
416 1853 468 1925 Sp.
492 1852 626 1910 Lartium
648 1872 681 1909 ac
697 1854 733 1908 Ἰ
749 1854 869 1912 Hermi·

116 1929 211 1998 nium,
223 1929 325 1989 ambos
336 1931 431 1988 claros
440 1949 559 2007 genere,
572 1931 720 2006 factisque.
732 1929 811 1992 Ctim
820 1933 869 1990 his

115 2009 246 2101 primam
259 2009 385 2086 periculi
397 2013 568 2083 procellam,
591 2023 621 2069 et
633 2014 711 2087 quod
724 2017 868 2071 tumultu·

114 2087 290 2148 osissimum
300 2106 413 2166 pugnae
434 2103 507 2159 erat,
524 2108 687 2189 parumper
707 2093 865 2158 sustinuit;

115 2167 220 2225 deinde
233 2187 284 2225 eos
297 2187 415 2244 quoqne
435 2168 516 2260 ipsos¹
536 2170 646 2246 exigui
667 2184 749 2243 parte
768 2171 866 2247 pontis

118 2247 231 2316 relicti,
245 2246 484 2305 revocantibose
469 2269 518 2323 qur
509 2247 746 2319 ¹rescindebant,
759 2254 864 2309 cedere

117 2324 266 2384 intutum
288 2326 395 2401 coegit
436 2326 659 2387 Circumferens
679 2328 745 2387 inde
767 2341 865 2388 truces

118 2405 273 2464 minaciter
292 2409 404 2474 oculos,
424 2407 459 2464 ad
488 2425 629 2482 proceres
648 2410 863 2476 Etruscorum,

117 2483 865 2563 nuncsingulosprovoearemrmcincrepareomnes,

119 2564 246 2624 Servitia
266 2583 372 2640 regum
402 2571 609 2641 superborum,
640 2584 701 2626 suae
723 2565 865 2627 libertatis

117 2643 318 2712 immemores,
349 2642 477 2702 alienam
513 2656 719 2720 oppugnatum
754 2643 864 2702 venire

118 2722 256 2782 Cunctati
270 2721 439 2813 aliquandiu
453 2723 616 2791 sunt,d1im
630 2725 706 2780 alius
719 2722 820 2782 alium,
832 2727 866 2774 ut

118 2802 257 2878 praelium
290 2801 441 2875 incipiant,
474 2802 741 2872 circumspectam
769 2795 865 2867 pudor

418 2897 435 2932 ι,
458 2885 475 2934 2
