<?xml version="1.0" encoding="UTF-8"?>
<!DOCTYPE html PUBLIC "-//W3C//DTD XHTML 1.0 Transitional//EN"
    "http://www.w3.org/TR/xhtml1/DTD/xhtml1-transitional.dtd">
<html xmlns="http://www.w3.org/1999/xhtml" xml:lang="en" lang="en">
 <head>
  <title>
</title>
<meta http-equiv="Content-Type" content="text/html;charset=utf-8" />
  <meta name='ocr-system' content='tesseract 3.04.00' />
  <meta name='ocr-capabilities' content='ocr_page ocr_carea ocr_par ocr_line ocrx_word'/>
</head>
<body>
  <div class='ocr_page' id='page_1' title='image "./narrationesexce00watsgoog_0071.png"; bbox 0 0 1875 3267; ppageno 0'>
   <div class='ocr_carea' id='block_1_1' title="bbox 465 237 508 294">
    <p class='ocr_par' dir='ltr' id='par_1_1' title="bbox 465 237 508 294">
     <span class='ocr_line' id='line_1_1' title="bbox 465 237 508 294; baseline 0.047 -2"><span class='ocrx_word' id='word_1_1' title='bbox 465 237 508 294; x_wconf 83' lang='grc'><strong>68</strong></span> 
     </span>
    </p>
   </div>
   <div class='ocr_carea' id='block_1_2' title="bbox 51 381 914 2262">
    <p class='ocr_par' dir='ltr' id='par_1_2' title="bbox 51 381 914 2262">
     <span class='ocr_line' id='line_1_2' title="bbox 119 381 865 464; baseline -0.001 -21"><span class='ocrx_word' id='word_1_2' title='bbox 119 388 170 444; x_wconf 88' lang='lat' dir='ltr'><strong>sed</strong></span> <span class='ocrx_word' id='word_1_3' title='bbox 183 383 325 461; x_wconf 85' lang='lat' dir='ltr'><strong>conjuges</strong></span> <span class='ocrx_word' id='word_1_4' title='bbox 336 381 501 457; x_wconf 82' lang='lat' dir='ltr'><strong>liberosque</strong></span> <span class='ocrx_word' id='word_1_5' title='bbox 509 383 693 443; x_wconf 87' lang='lat' dir='ltr'><strong>devehendos</strong></span> <span class='ocrx_word' id='word_1_6' title='bbox 705 384 865 464; x_wconf 77' lang='lat' dir='ltr'><strong>Carthagi·</strong></span> 
     </span>
     <span class='ocr_line' id='line_1_3' title="bbox 51 460 863 535; baseline -0.001 -13"><span class='ocrx_word' id='word_1_7' title='bbox 51 498 53 505; x_wconf 39' lang='lat' dir='ltr'><em>s</em></span> <span class='ocrx_word' id='word_1_8' title='bbox 118 482 189 522; x_wconf 90' lang='lat' dir='ltr'><strong>nem</strong></span> <span class='ocrx_word' id='word_1_9' title='bbox 211 462 411 533; x_wconf 87' lang='lat' dir='ltr'><strong>tradiderunt;</strong></span> <span class='ocrx_word' id='word_1_10' title='bbox 432 460 536 520; x_wconf 80' lang='lat' dir='ltr'><strong>fortius</strong></span> <span class='ocrx_word' id='word_1_11' title='bbox 555 461 698 535; x_wconf 89' lang='lat' dir='ltr'><strong>quidquid</strong></span> <span class='ocrx_word' id='word_1_12' title='bbox 711 463 863 522; x_wconf 86' lang='lat' dir='ltr'><strong>accideret</strong></span> 
     </span>
     <span class='ocr_line' id='line_1_4' title="bbox 118 539 914 616; baseline 0 -17"><span class='ocrx_word' id='word_1_13' title='bbox 118 540 216 609; x_wconf 89' lang='lat' dir='ltr'><strong>laturi,</strong></span> <span class='ocrx_word' id='word_1_14' title='bbox 237 539 262 597; x_wconf 94' lang='lat' dir='ltr'><strong>si</strong></span> <span class='ocrx_word' id='word_1_15' title='bbox 276 540 458 599; x_wconf 82' lang='lat' dir='ltr'>carissimam</span> <span class='ocrx_word' id='word_1_16' title='bbox 480 541 529 599; x_wconf 86' lang='lat' dir='ltr'><strong>sui</strong></span> <span class='ocrx_word' id='word_1_17' title='bbox 547 545 673 616; x_wconf 69' lang='lat' dir='ltr'><strong>partem*</strong></span> <span class='ocrx_word' id='word_1_18' title='bbox 680 550 768 599; x_wconf 82' lang='lat' dir='ltr'><strong>extra</strong></span> <span class='ocrx_word' id='word_1_19' title='bbox 781 561 862 599; x_wconf 92' lang='lat' dir='ltr'><strong>com·</strong></span> <span class='ocrx_word' id='word_1_20' title='bbox 913 543 914 554; x_wconf 59' lang='lat'>¹</span> 
     </span>
     <span class='ocr_line' id='line_1_5' title="bbox 118 618 862 694; baseline -0.001 -16"><span class='ocrx_word' id='word_1_21' title='bbox 118 619 217 678; x_wconf 89' lang='lat' dir='ltr'><strong>munis</strong></span> <span class='ocrx_word' id='word_1_22' title='bbox 230 619 354 694; x_wconf 88' lang='lat' dir='ltr'><strong>periculi</strong></span> <span class='ocrx_word' id='word_1_23' title='bbox 367 631 478 679; x_wconf 92' lang='lat' dir='ltr'><strong>sortem</strong></span> <span class='ocrx_word' id='word_1_24' title='bbox 487 618 664 677; x_wconf 80' lang='lat' dir='ltr'><strong>habuissent.</strong></span> <span class='ocrx_word' id='word_1_25' title='bbox 697 621 862 693; x_wconf 87' lang='lat' dir='ltr'><strong>Quumque</strong></span> 
     </span>
     <span class='ocr_line' id='line_1_6' title="bbox 119 695 863 766; baseline -0.001 -9"><span class='ocrx_word' id='word_1_26' title='bbox 119 695 863 766; x_wconf 77' lang='lat' dir='ltr'><strong>unusecivibusconcioniindicasset‚oblatamesse</strong></span> 
     </span>
     <span class='ocr_line' id='line_1_7' title="bbox 117 775 861 852; baseline -0.003 -17"><span class='ocrx_word' id='word_1_27' title='bbox 117 794 172 851; x_wconf 89' lang='lat' dir='ltr'><strong>per</strong></span> <span class='ocrx_word' id='word_1_28' title='bbox 182 793 318 834; x_wconf 86' lang='lat' dir='ltr'><strong>somnum</strong></span> <span class='ocrx_word' id='word_1_29' title='bbox 331 775 386 834; x_wconf 87' lang='lat' dir='ltr'><strong>sibi</strong></span> <span class='ocrx_word' id='word_1_30' title='bbox 396 776 528 852; x_wconf 84' lang='lat' dir='ltr'><strong>speciem</strong></span> <span class='ocrx_word' id='word_1_31' title='bbox 538 775 691 852; x_wconf 83' lang='lat' dir='ltr'>Apollinis,</span> <span class='ocrx_word' id='word_1_32' title='bbox 701 777 861 849; x_wconf 83' lang='lat' dir='ltr'><strong>quemexi·</strong></span> 
     </span>
     <span class='ocr_line' id='line_1_8' title="bbox 117 854 860 931; baseline 0 -20"><span class='ocrx_word' id='word_1_33' title='bbox 117 856 180 913; x_wconf 76' lang='lat' dir='ltr'><strong>mia</strong></span> <span class='ocrx_word' id='word_1_34' title='bbox 193 854 333 931; x_wconf 82' lang='lat' dir='ltr'>religione</span> <span class='ocrx_word' id='word_1_35' title='bbox 347 856 487 923; x_wconf 87' lang='lat' dir='ltr'><strong>colerent,</strong></span> <span class='ocrx_word' id='word_1_36' title='bbox 498 856 604 913; x_wconf 92' lang='lat' dir='ltr'><strong>urbem</strong></span> <span class='ocrx_word' id='word_1_37' title='bbox 613 854 787 923; x_wconf 82' lang='lat' dir='ltr'><strong>deserentis,</strong></span> <span class='ocrx_word' id='word_1_38' title='bbox 796 873 860 911; x_wconf 88' lang='lat' dir='ltr'><strong>mo·</strong></span> 
     </span>
     <span class='ocr_line' id='line_1_9' title="bbox 118 931 862 1009; baseline -0.001 -19"><span class='ocrx_word' id='word_1_39' title='bbox 118 935 237 1007; x_wconf 89' lang='lat' dir='ltr'><strong>lemque</strong></span> <span class='ocrx_word' id='word_1_40' title='bbox 250 932 268 991; x_wconf 71' lang='lat' dir='ltr'><strong>a</strong></span> <span class='ocrx_word' id='word_1_41' title='bbox 283 933 494 993; x_wconf 83' lang='lat' dir='ltr'>Macedonibus</span> <span class='ocrx_word' id='word_1_42' title='bbox 512 933 621 1009; x_wconf 79' lang='lat' dir='ltr'><strong>jactam</strong></span> <span class='ocrx_word' id='word_1_43' title='bbox 633 932 664 989; x_wconf 92' lang='lat' dir='ltr'><strong>in</strong></span> <span class='ocrx_word' id='word_1_44' title='bbox 677 934 748 1001; x_wconf 86' lang='lat' dir='ltr'><strong>salo,</strong></span> <span class='ocrx_word' id='word_1_45' title='bbox 767 931 800 989; x_wconf 90' lang='lat' dir='ltr'><strong>in</strong></span> <span class='ocrx_word' id='word_1_46' title='bbox 813 933 862 989; x_wconf 90' lang='lat' dir='ltr'><strong>sil·</strong></span> 
     </span>
     <span class='ocr_line' id='line_1_10' title="bbox 119 1009 859 1084; baseline -0.001 -15"><span class='ocrx_word' id='word_1_47' title='bbox 119 1023 248 1071; x_wconf 76' lang='lat' dir='ltr'><strong>vestram</strong></span> <span class='ocrx_word' id='word_1_48' title='bbox 274 1015 381 1071; x_wconf 88' lang='lat' dir='ltr'><strong>saltum</strong></span> <span class='ocrx_word' id='word_1_49' title='bbox 406 1031 472 1069; x_wconf 89' lang='lat' dir='ltr'><strong>esse</strong></span> <span class='ocrx_word' id='word_1_50' title='bbox 496 1021 661 1077; x_wconf 70' lang='lat' dir='ltr'><strong>mutatam</strong></span> <span class='ocrx_word' id='word_1_51' title='bbox 691 1009 859 1084; x_wconf 74' lang='lat' dir='ltr'><strong>quanquam</strong></span> 
     </span>
     <span class='ocr_line' id='line_1_11' title="bbox 118 1090 859 1159; baseline -0.003 -11"><span class='ocrx_word' id='word_1_52' title='bbox 118 1101 221 1149; x_wconf 81' lang='lat' dir='ltr'><strong>auctor</strong></span> <span class='ocrx_word' id='word_1_53' title='bbox 239 1092 311 1149; x_wconf 87' lang='lat' dir='ltr'><strong>levis</strong></span> <span class='ocrx_word' id='word_1_54' title='bbox 329 1098 400 1159; x_wconf 89' lang='lat' dir='ltr'><strong>erat,</strong></span> <span class='ocrx_word' id='word_1_55' title='bbox 419 1101 520 1149; x_wconf 86' lang='lat' dir='ltr'><strong>tamen</strong></span> <span class='ocrx_word' id='word_1_56' title='bbox 533 1091 570 1147; x_wconf 86' lang='lat' dir='ltr'><strong>ad</strong></span> <span class='ocrx_word' id='word_1_57' title='bbox 582 1090 727 1147; x_wconf 80' lang='lat' dir='ltr'><strong>deteriora</strong></span> <span class='ocrx_word' id='word_1_58' title='bbox 740 1090 859 1147; x_wconf 89' lang='lat' dir='ltr'><strong>creden·</strong></span> 
     </span>
     <span class='ocr_line' id='line_1_12' title="bbox 118 1166 858 1245; baseline -0.005 -18"><span class='ocrx_word' id='word_1_59' title='bbox 118 1172 155 1228; x_wconf 89' lang='lat' dir='ltr'><strong>da</strong></span> <span class='ocrx_word' id='word_1_60' title='bbox 166 1169 252 1245; x_wconf 89' lang='lat' dir='ltr'><strong>proni</strong></span> <span class='ocrx_word' id='word_1_61' title='bbox 264 1180 357 1237; x_wconf 88' lang='lat' dir='ltr'><strong>metu,</strong></span> <span class='ocrx_word' id='word_1_62' title='bbox 370 1172 461 1227; x_wconf 70' lang='lat' dir='ltr'><strong>aurea</strong></span> <span class='ocrx_word' id='word_1_63' title='bbox 474 1172 578 1227; x_wconf 70' lang='lat' dir='ltr'><strong>catena</strong></span> <span class='ocrx_word' id='word_1_64' title='bbox 591 1167 751 1227; x_wconf 76' lang='lat' dir='ltr'><strong>devinxere</strong></span> <span class='ocrx_word' id='word_1_65' title='bbox 765 1166 858 1225; x_wconf 90' lang='lat' dir='ltr'><strong>simu·</strong></span> 
     </span>
     <span class='ocr_line' id='line_1_13' title="bbox 117 1246 857 1325; baseline -0.007 -18"><span class='ocrx_word' id='word_1_66' title='bbox 117 1248 232 1307; x_wconf 87' lang='lat' dir='ltr'><strong>lacrum</strong></span> <span class='ocrx_word' id='word_1_67' title='bbox 245 1266 361 1321; x_wconf 77' lang='lat' dir='ltr'><strong>araeque</strong></span> <span class='ocrx_word' id='word_1_68' title='bbox 375 1247 521 1312; x_wconf 83' lang='lat' dir='ltr'><strong>Herculis,</strong></span> <span class='ocrx_word' id='word_1_69' title='bbox 532 1246 618 1325; x_wconf 80' lang='lat' dir='ltr'><strong>cujus</strong></span> <span class='ocrx_word' id='word_1_70' title='bbox 626 1246 741 1304; x_wconf 89' lang='lat' dir='ltr'><strong>numini</strong></span> <span class='ocrx_word' id='word_1_71' title='bbox 753 1248 857 1304; x_wconf 88' lang='lat' dir='ltr'><strong>urbem</strong></span> 
     </span>
     <span class='ocr_line' id='line_1_14' title="bbox 117 1323 858 1397; baseline -0.005 -12"><span class='ocrx_word' id='word_1_72' title='bbox 117 1329 290 1395; x_wconf 84' lang='lat' dir='ltr'><strong>dicaverant,</strong></span> <span class='ocrx_word' id='word_1_73' title='bbox 302 1326 452 1383; x_wconf 71' lang='lat' dir='ltr'><strong>inseruere</strong></span> <span class='ocrx_word' id='word_1_74' title='bbox 462 1325 624 1393; x_wconf 86' lang='lat' dir='ltr'><strong>vinculum,</strong></span> <span class='ocrx_word' id='word_1_75' title='bbox 643 1323 727 1397; x_wconf 88' lang='lat' dir='ltr'><strong>quasi</strong></span> <span class='ocrx_word' id='word_1_76' title='bbox 739 1323 791 1381; x_wconf 92' lang='lat' dir='ltr'><strong>illo</strong></span> <span class='ocrx_word' id='word_1_77' title='bbox 804 1324 858 1381; x_wconf 94' lang='lat' dir='ltr'><strong>deo</strong></span> 
     </span>
     <span class='ocr_line' id='line_1_15' title="bbox 118 1402 855 1479; baseline -0.004 -16"><span class='ocrx_word' id='word_1_78' title='bbox 118 1404 288 1477; x_wconf 89' lang='lat' dir='ltr'><strong>Apollinem</strong></span> <span class='ocrx_word' id='word_1_79' title='bbox 308 1402 459 1463; x_wconf 86' lang='lat' dir='ltr'><strong>retenturi.</strong></span> <span class='ocrx_word' id='word_1_80' title='bbox 500 1404 668 1479; x_wconf 83' lang='lat' dir='ltr'><strong>Syracusis²</strong></span> <span class='ocrx_word' id='word_1_81' title='bbox 691 1402 721 1459; x_wconf 91' lang='lat' dir='ltr'><strong>id</strong></span> <span class='ocrx_word' id='word_1_82' title='bbox 740 1403 855 1460; x_wconf 89' lang='lat' dir='ltr'><strong>simula·</strong></span> 
     </span>
     <span class='ocr_line' id='line_1_16' title="bbox 117 1480 856 1557; baseline -0.004 -17"><span class='ocrx_word' id='word_1_83' title='bbox 117 1500 204 1540; x_wconf 92' lang='lat' dir='ltr'><strong>crum</strong></span> <span class='ocrx_word' id='word_1_84' title='bbox 217 1482 397 1539; x_wconf 83' lang='lat' dir='ltr'><strong>devexerant</strong></span> <span class='ocrx_word' id='word_1_85' title='bbox 415 1480 510 1550; x_wconf 86' lang='lat' dir='ltr'><strong>Poeni,</strong></span> <span class='ocrx_word' id='word_1_86' title='bbox 529 1480 603 1539; x_wconf 88' lang='lat' dir='ltr'><strong>etin</strong></span> <span class='ocrx_word' id='word_1_87' title='bbox 618 1480 731 1557; x_wconf 84' lang='lat' dir='ltr'><strong>majore</strong></span> <span class='ocrx_word' id='word_1_88' title='bbox 745 1482 856 1539; x_wconf 86' lang='lat' dir='ltr'><strong>locave-</strong></span> 
     </span>
     <span class='ocr_line' id='line_1_17' title="bbox 118 1558 855 1634; baseline -0.001 -18"><span class='ocrx_word' id='word_1_89' title='bbox 118 1570 182 1618; x_wconf 84' lang='lat' dir='ltr'><strong>rant</strong></span> <span class='ocrx_word' id='word_1_90' title='bbox 194 1558 290 1634; x_wconf 76' lang='lat' dir='ltr'><strong>patrih</strong></span> <span class='ocrx_word' id='word_1_91' title='bbox 302 1581 310 1628; x_wconf 93' lang='lat'>;</span> <span class='ocrx_word' id='word_1_92' title='bbox 331 1559 492 1634; x_wconf 87' lang='lat' dir='ltr'><strong>multisque</strong></span> <span class='ocrx_word' id='word_1_93' title='bbox 504 1559 569 1618; x_wconf 90' lang='lat' dir='ltr'><strong>aliis</strong></span> <span class='ocrx_word' id='word_1_94' title='bbox 582 1559 682 1634; x_wconf 89' lang='lat' dir='ltr'><strong>spoliis</strong></span> <span class='ocrx_word' id='word_1_95' title='bbox 695 1558 827 1628; x_wconf 86' lang='lat' dir='ltr'><strong>urbium,</strong></span> <span class='ocrx_word' id='word_1_96' title='bbox 839 1558 855 1615; x_wconf 73' lang='lat' dir='ltr'><strong>i</strong></span> 
     </span>
     <span class='ocr_line' id='line_1_18' title="bbox 119 1637 856 1715; baseline -0.003 -19"><span class='ocrx_word' id='word_1_97' title='bbox 119 1648 214 1697; x_wconf 89' lang='lat' dir='ltr'><strong>semet</strong></span> <span class='ocrx_word' id='word_1_98' title='bbox 246 1648 409 1713; x_wconf 85' lang='lat' dir='ltr'><strong>captarum,</strong></span> <span class='ocrx_word' id='word_1_99' title='bbox 436 1656 496 1696; x_wconf 94' lang='lat' dir='ltr'><strong>non</strong></span> <span class='ocrx_word' id='word_1_100' title='bbox 529 1637 741 1713; x_wconf 79' lang='lat' dir='ltr'><strong>Carthaginem</strong></span> <span class='ocrx_word' id='word_1_101' title='bbox 761 1637 856 1715; x_wconf 84' lang='lat' dir='ltr'><strong>magis</strong></span> 
     </span>
     <span class='ocr_line' id='line_1_19' title="bbox 117 1717 855 1795; baseline -0.003 -18"><span class='ocrx_word' id='word_1_102' title='bbox 117 1717 207 1790; x_wconf 70' lang='lat' dir='ltr'><strong>quam</strong></span> <span class='ocrx_word' id='word_1_103' title='bbox 229 1720 345 1795; x_wconf 90' lang='lat' dir='ltr'><strong>Tyrum</strong></span> <span class='ocrx_word' id='word_1_104' title='bbox 366 1726 546 1777; x_wconf 83' lang='lat' dir='ltr'><strong>ornaverant.</strong></span> <span class='ocrx_word' id='word_1_105' title='bbox 588 1718 711 1775; x_wconf 91' lang='lat' dir='ltr'><strong>Sacrum</strong></span> <span class='ocrx_word' id='word_1_106' title='bbox 733 1734 855 1789; x_wconf 86' lang='lat' dir='ltr'><strong>quoque,</strong></span> 
     </span>
     <span class='ocr_line' id='line_1_20' title="bbox 117 1793 856 1873; baseline -0.004 -19"><span class='ocrx_word' id='word_1_107' title='bbox 117 1798 194 1872; x_wconf 85' lang='lat' dir='ltr'><strong>quod</strong></span> <span class='ocrx_word' id='word_1_108' title='bbox 207 1798 326 1873; x_wconf 91' lang='lat' dir='ltr'><strong>quidem</strong></span> <span class='ocrx_word' id='word_1_109' title='bbox 340 1797 395 1855; x_wconf 87' lang='lat' dir='ltr'><strong>diis</strong></span> <span class='ocrx_word' id='word_1_110' title='bbox 414 1794 538 1855; x_wconf 64' lang='lat' dir='ltr'><strong>minimi</strong></span> <span class='ocrx_word' id='word_1_111' title='bbox 550 1793 630 1853; x_wconf 79' lang='lat' dir='ltr'><strong>cordi</strong></span> <span class='ocrx_word' id='word_1_112' title='bbox 643 1813 708 1852; x_wconf 90' lang='lat' dir='ltr'><strong>esse</strong></span> <span class='ocrx_word' id='word_1_113' title='bbox 727 1793 856 1853; x_wconf 88' lang='lat' dir='ltr'><strong>credide·</strong></span> 
     </span>
     <span class='ocr_line' id='line_1_21' title="bbox 118 1871 854 1946; baseline -0.005 -13"><span class='ocrx_word' id='word_1_114' title='bbox 118 1878 185 1940; x_wconf 84' lang='lat' dir='ltr'><strong>rim,</strong></span> <span class='ocrx_word' id='word_1_115' title='bbox 210 1876 314 1933; x_wconf 87' lang='lat' dir='ltr'><strong>multis</strong></span> <span class='ocrx_word' id='word_1_116' title='bbox 339 1876 446 1935; x_wconf 87' lang='lat' dir='ltr'><strong>seculis</strong></span> <span class='ocrx_word' id='word_1_117' title='bbox 473 1871 684 1941; x_wconf 89' lang='lat' dir='ltr'><strong>intermissum,</strong></span> <span class='ocrx_word' id='word_1_118' title='bbox 705 1872 854 1946; x_wconf 87' lang='lat' dir='ltr'><strong>repetendi</strong></span> 
     </span>
     <span class='ocr_line' id='line_1_22' title="bbox 96 1951 854 2029; baseline -0.004 -17"><span class='ocrx_word' id='word_1_119' title='bbox 96 1973 104 1989; x_wconf 88' lang='lat'><strong>·</strong></span> <span class='ocrx_word' id='word_1_120' title='bbox 118 1965 253 2012; x_wconf 86' lang='lat' dir='ltr'><strong>auctores</strong></span> <span class='ocrx_word' id='word_1_121' title='bbox 263 1954 382 2029; x_wconf 89' lang='lat' dir='ltr'><strong>quidam</strong></span> <span class='ocrx_word' id='word_1_122' title='bbox 395 1963 497 2017; x_wconf 86' lang='lat' dir='ltr'><strong>erant;</strong></span> <span class='ocrx_word' id='word_1_123' title='bbox 517 1963 549 2009; x_wconf 92' lang='lat' dir='ltr'><strong>ut</strong></span> <span class='ocrx_word' id='word_1_124' title='bbox 557 1951 704 2028; x_wconf 83' lang='lat' dir='ltr'><strong>ingenuus</strong></span> <span class='ocrx_word' id='word_1_125' title='bbox 717 1969 793 2024; x_wconf 91' lang='lat' dir='ltr'><strong>puer</strong></span> <span class='ocrx_word' id='word_1_126' title='bbox 805 1952 854 2009; x_wconf 84' lang='lat' dir='ltr'><strong>Sa·</strong></span> 
     </span>
     <span class='ocr_line' id='line_1_23' title="bbox 117 2028 854 2107; baseline -0.007 -17"><span class='ocrx_word' id='word_1_127' title='bbox 117 2046 205 2091; x_wconf 88' lang='lat' dir='ltr'><strong>tumo</strong></span> <span class='ocrx_word' id='word_1_128' title='bbox 217 2032 438 2089; x_wconf 84' lang='lat' dir='ltr'><strong>immolaretur:</strong></span> <span class='ocrx_word' id='word_1_129' title='bbox 452 2032 531 2107; x_wconf 92' lang='lat' dir='ltr'><strong>quod</strong></span> <span class='ocrx_word' id='word_1_130' title='bbox 552 2030 739 2106; x_wconf 84' lang='lat' dir='ltr'><strong>sacrilegium</strong></span> <span class='ocrx_word' id='word_1_131' title='bbox 757 2028 854 2087; x_wconf 87' lang='lat' dir='ltr'><strong>verius</strong></span> 
     </span>
     <span class='ocr_line' id='line_1_24' title="bbox 118 2107 853 2187; baseline -0.005 -19"><span class='ocrx_word' id='word_1_132' title='bbox 118 2110 209 2187; x_wconf 71' lang='lat' dir='ltr'><strong>quam</strong></span> <span class='ocrx_word' id='word_1_133' title='bbox 223 2126 340 2167; x_wconf 88' lang='lat' dir='ltr'><strong>sacrum</strong></span> <span class='ocrx_word' id='word_1_134' title='bbox 354 2110 609 2186; x_wconf 84' lang='lat' dir='ltr'><strong>Carthaginenses,</strong></span> <span class='ocrx_word' id='word_1_135' title='bbox 628 2108 646 2165; x_wconf 80' lang='lat' dir='ltr'><strong>al</strong></span> <span class='ocrx_word' id='word_1_136' title='bbox 659 2107 853 2166; x_wconf 89' lang='lat' dir='ltr'><strong>conditoribus</strong></span> 
     </span>
     <span class='ocr_line' id='line_1_25' title="bbox 117 2185 852 2262; baseline -0.007 -15"><span class='ocrx_word' id='word_1_137' title='bbox 117 2188 267 2256; x_wconf 88' lang='lat' dir='ltr'><strong>traditum,</strong></span> <span class='ocrx_word' id='word_1_138' title='bbox 279 2206 372 2262; x_wconf 90' lang='lat' dir='ltr'><strong>usque</strong></span> <span class='ocrx_word' id='word_1_139' title='bbox 382 2189 418 2246; x_wconf 91' lang='lat' dir='ltr'><strong>ad</strong></span> <span class='ocrx_word' id='word_1_140' title='bbox 426 2188 577 2246; x_wconf 85' lang='lat' dir='ltr'><strong>excidium</strong></span> <span class='ocrx_word' id='word_1_141' title='bbox 588 2185 670 2244; x_wconf 89' lang='lat' dir='ltr'><strong>urbis</strong></span> <span class='ocrx_word' id='word_1_142' title='bbox 678 2204 740 2244; x_wconf 86' lang='lat' dir='ltr'><strong>suae</strong></span> <span class='ocrx_word' id='word_1_143' title='bbox 748 2186 852 2245; x_wconf 86' lang='lat' dir='ltr'><strong>fecisse</strong></span> 
     </span>
    </p>
   </div>
   <div class='ocr_carea' id='block_1_3' title="bbox 117 2264 855 2341">
    <p class='ocr_par' dir='ltr' id='par_1_3' title="bbox 117 2264 855 2341">
     <span class='ocr_line' id='line_1_26' title="bbox 117 2264 855 2341; baseline -0.005 -13"><span class='ocrx_word' id='word_1_144' title='bbox 117 2268 274 2333; x_wconf 86' lang='lat' dir='ltr'><strong>dicuntur;</strong></span> <span class='ocrx_word' id='word_1_145' title='bbox 296 2284 329 2324; x_wconf 88' lang='lat' dir='ltr'><strong>ac</strong></span> <span class='ocrx_word' id='word_1_146' title='bbox 343 2265 398 2333; x_wconf 85' lang='lat' dir='ltr'><strong>nisi</strong></span> <span class='ocrx_word' id='word_1_147' title='bbox 424 2266 554 2324; x_wconf 90' lang='lat' dir='ltr'><strong>seniores</strong></span> <span class='ocrx_word' id='word_1_148' title='bbox 575 2264 762 2334; x_wconf 87' lang='lat' dir='ltr'><strong>obstitissent,</strong></span> <span class='ocrx_word' id='word_1_149' title='bbox 785 2284 855 2341; x_wconf 90' lang='lat' dir='ltr'><strong>quo·</strong></span> 
     </span>
    </p>
   </div>
   <div class='ocr_carea' id='block_1_4' title="bbox 156 2436 853 2551">
    <p class='ocr_par' dir='ltr' id='par_1_4' title="bbox 156 2436 853 2551">
     <span class='ocr_line' id='line_1_27' title="bbox 156 2436 853 2551; baseline 0.006 -67"><span class='ocrx_word' id='word_1_150' title='bbox 156 2437 166 2470; x_wconf 86' lang='lat'>¹</span> <span class='ocrx_word' id='word_1_151' title='bbox 182 2438 318 2501; x_wconf 77' lang='lat' dir='ltr'><strong>Syracusis.</strong></span> <span class='ocrx_word' id='word_1_152' title='bbox 344 2438 483 2551; x_wconf 56' lang='lat' dir='ltr'><strong>SXracusa</strong></span> <span class='ocrx_word' id='word_1_153' title='bbox 494 2436 670 2517; x_wconf 73' lang='lat' dir='ltr'><strong>formerlythe</strong></span> <span class='ocrx_word' id='word_1_154' title='bbox 679 2440 777 2503; x_wconf 82' lang='lat' dir='ltr'><strong>capital</strong></span> <span class='ocrx_word' id='word_1_155' title='bbox 785 2438 816 2489; x_wconf 81' lang='lat' dir='ltr'><strong>ol</strong></span> <span class='ocrx_word' id='word_1_156' title='bbox 820 2438 853 2489; x_wconf 82' lang='lat' dir='ltr'><strong>all</strong></span> 
     </span>
    </p>
   </div>
   <div class='ocr_carea' id='block_1_5' title="bbox 118 2501 856 2635">
    <p class='ocr_par' dir='ltr' id='par_1_5' title="bbox 118 2501 856 2635">
     <span class='ocr_line' id='line_1_28' title="bbox 119 2501 854 2568; baseline 0.005 -16"><span class='ocrx_word' id='word_1_157' title='bbox 119 2501 208 2565; x_wconf 85' lang='lat' dir='ltr'><strong>Sicily,</strong></span> <span class='ocrx_word' id='word_1_158' title='bbox 218 2517 274 2549; x_wconf 83' lang='lat' dir='ltr'><strong>now</strong></span> <span class='ocrx_word' id='word_1_159' title='bbox 287 2501 353 2552; x_wconf 87' lang='lat' dir='ltr'><strong>calle</strong></span> <span class='ocrx_word' id='word_1_160' title='bbox 386 2506 449 2568; x_wconf 81' lang='lat' dir='ltr'><strong>Syra</strong></span> <span class='ocrx_word' id='word_1_161' title='bbox 461 2505 545 2564; x_wconf 72' lang='lat' dir='ltr'><strong>Corsa,</strong></span> <span class='ocrx_word' id='word_1_162' title='bbox 554 2506 577 2554; x_wconf 90' lang='lat' dir='ltr'><strong>is</strong></span> <span class='ocrx_word' id='word_1_163' title='bbox 585 2513 683 2556; x_wconf 79' lang='lat' dir='ltr'><strong>situate</strong></span> <span class='ocrx_word' id='word_1_164' title='bbox 694 2514 758 2555; x_wconf 88' lang='lat' dir='ltr'><strong>next</strong></span> <span class='ocrx_word' id='word_1_165' title='bbox 769 2514 797 2555; x_wconf 87' lang='lat' dir='ltr'><strong>to</strong></span> <span class='ocrx_word' id='word_1_166' title='bbox 808 2505 854 2556; x_wconf 86' lang='lat' dir='ltr'><strong>the</strong></span> 
     </span>
     <span class='ocr_line' id='line_1_29' title="bbox 118 2568 856 2635; baseline 0.004 -18"><span class='ocrx_word' id='word_1_167' title='bbox 118 2584 172 2626; x_wconf 83' lang='lat' dir='ltr'><strong>see,</strong></span> <span class='ocrx_word' id='word_1_168' title='bbox 184 2580 251 2633; x_wconf 87' lang='lat' dir='ltr'><strong>upon</strong></span> <span class='ocrx_word' id='word_1_169' title='bbox 264 2569 309 2618; x_wconf 93' lang='lat' dir='ltr'><strong>the</strong></span> <span class='ocrx_word' id='word_1_170' title='bbox 354 2568 473 2620; x_wconf 84' lang='lat' dir='ltr'><strong>oth-east</strong></span> <span class='ocrx_word' id='word_1_171' title='bbox 486 2568 554 2630; x_wconf 87' lang='lat' dir='ltr'><strong>side,</strong></span> <span class='ocrx_word' id='word_1_172' title='bbox 573 2571 624 2621; x_wconf 86' lang='lat' dir='ltr'><strong>and</strong></span> <span class='ocrx_word' id='word_1_173' title='bbox 635 2572 661 2621; x_wconf 92' lang='lat' dir='ltr'><strong>in</strong></span> <span class='ocrx_word' id='word_1_174' title='bbox 672 2572 719 2622; x_wconf 88' lang='lat' dir='ltr'><strong>the</strong></span> <span class='ocrx_word' id='word_1_175' title='bbox 730 2571 815 2635; x_wconf 83' lang='lat' dir='ltr'><strong>valley</strong></span> <span class='ocrx_word' id='word_1_176' title='bbox 825 2570 856 2621; x_wconf 86' lang='lat' dir='ltr'><strong>ol</strong></span> 
     </span>
    </p>
   </div>
   <div class='ocr_carea' id='block_1_6' title="bbox 118 2633 852 2751">
    <p class='ocr_par' dir='ltr' id='par_1_6' title="bbox 118 2633 852 2751">
     <span class='ocr_line' id='line_1_30' title="bbox 118 2633 852 2748; baseline 0.005 -65"><span class='ocrx_word' id='word_1_177' title='bbox 118 2637 198 2748; x_wconf 48' lang='lat' dir='ltr'><strong>gato.</strong></span> <span class='ocrx_word' id='word_1_178' title='bbox 229 2636 253 2685; x_wconf 87' lang='lat' dir='ltr'><strong>lt</strong></span> <span class='ocrx_word' id='word_1_179' title='bbox 265 2633 287 2685; x_wconf 92' lang='lat' dir='ltr'><strong>is</strong></span> <span class='ocrx_word' id='word_1_180' title='bbox 297 2648 331 2687; x_wconf 88' lang='lat' dir='ltr'><strong>no</strong></span> <span class='ocrx_word' id='word_1_181' title='bbox 367 2648 429 2700; x_wconf 83' lang='lat' dir='ltr'><strong>very</strong></span> <span class='ocrx_word' id='word_1_182' title='bbox 439 2636 515 2687; x_wconf 86' lang='lat' dir='ltr'><strong>small</strong></span> <span class='ocrx_word' id='word_1_183' title='bbox 526 2637 668 2702; x_wconf 82' lang='lat' dir='ltr'><strong>compared</strong></span> <span class='ocrx_word' id='word_1_184' title='bbox 680 2636 744 2689; x_wconf 85' lang='lat' dir='ltr'><strong>with</strong></span> <span class='ocrx_word' id='word_1_185' title='bbox 754 2638 852 2688; x_wconf 82' lang='lat' dir='ltr'><strong>whatit</strong></span> 
     </span>
     <span class='ocr_line' id='line_1_31' title="bbox 160 2716 615 2751; baseline 0.007 -23"><span class='ocrx_word' id='word_1_186' title='bbox 160 2716 180 2751; x_wconf 40' lang='grc' dir='ltr'><strong>ι</strong></span> <span class='ocrx_word' id='word_1_187' title='bbox 609 2718 615 2731; x_wconf 83' lang='grc'><strong><em>,</em></strong></span> 
     </span>
    </p>
   </div>
   <div class='ocr_carea' id='block_1_7' title="bbox 0 0 942 3267">
    <p class='ocr_par' dir='ltr' id='par_1_7' title="bbox 0 0 942 3267">
     <span class='ocr_line' id='line_1_32' title="bbox 0 0 942 3267; baseline 0 0"><span class='ocrx_word' id='word_1_188' title='bbox 0 0 942 3267; x_wconf 95' lang='lat' dir='ltr'><strong> </strong></span> 
     </span>
    </p>
   </div>
  </div>
 </body>
</html>
