1875 3267
417 294 463 351 45

63 450 168 498 turum
190 458 253 499 esse
278 438 423 531 promisit
445 436 530 500 Nulli
541 441 721 515 promissum
744 434 811 513 ejus

64 520 207 593 placebat,
219 530 329 595 praeter
340 520 440 595 ipsum
454 538 491 577 cu
492 538 541 596 jus
549 520 682 595 perrculo
689 516 810 593 pollice

60 599 156 655 batur.
177 598 288 656 Omnia
305 600 414 675 quippe
436 597 554 656 facilius
573 598 665 675 quim
690 613 808 655 moram

63 676 181 752 perpeti
203 686 326 753 poterat.
381 681 478 736 Arma
501 688 530 735 et
552 676 632 735 acies
663 678 694 735 in
715 671 810 733 oculis

63 764 162 824 erant,
188 766 218 815 et
244 754 399 815 victoriam
416 756 446 813 in
469 775 506 814 eo
517 756 645 831 positam
659 774 722 813 esse
734 752 810 813 arbi·

62 833 246 904 trabatur,
224 850 249 892 st
263 833 380 893 tantum
393 844 458 893 unte
468 850 555 911 signa
562 845 640 893 stare
654 832 808 907 potuissem

62 912 205 987 idipsum,
218 916 296 988 quod
308 923 375 986 post
388 914 467 972 diem
477 913 600 973 tertium
610 910 809 970 medicamen·

63 1000 133 1049 tum
147 1002 320 1066 sumpturus
334 1004 413 1051 esset
424 992 479 1069 (ita
491 992 573 1051 enim
582 990 718 1049 medicus
732 1008 810 1063 prae·

62 1067 196 1147 dixerat)
211 1089 293 1147 aegre
282 1070 414 1129 ferens.
434 1070 515 1129 Inter
528 1068 624 1131 baec
609 1091 627 1127 a
640 1069 809 1128 Parmenio·

62 1164 112 1216 ne,
134 1147 278 1207 fidissimo
304 1159 547 1224 purpuratorum,
559 1151 673 1207 litteras
694 1146 811 1221 accipit,

63 1222 175 1299 quibus
186 1236 216 1283 et
228 1228 417 1285 denuntiabat
437 1245 474 1284 ne
497 1229 625 1285 salutem
641 1242 726 1284 suam
740 1227 810 1283 Phi·

61 1305 145 1379 lippo
157 1304 377 1374 committerem
384 1306 475 1369 mille
487 1306 613 1375 talentis,
635 1325 654 1363 a
642 1303 768 1373 Dario,
782 1313 812 1362 et

63 1398 118 1456 spe
135 1384 306 1459 nuptiarum
320 1386 427 1443 sororis
450 1384 517 1461 ejus
542 1401 609 1445 esse
623 1395 810 1459 corruptum.

62 1464 224 1539 ingentem
258 1462 359 1521 animo
381 1464 609 1522 sollicitudinem
629 1463 737 1522 litterae
764 1462 809 1519 in·

64 1552 243 1610 cusserant3
266 1552 295 1600 et
315 1541 476 1616 quidquid
468 1558 500 1599 ιιι
520 1552 809 1639 utramquepartem

63 1628 116 1677 aut
129 1630 228 1679 metus
249 1629 299 1679 aut
323 1638 390 1695 spes
416 1617 590 1698 subjecerat,
601 1624 717 1680 secreta
731 1621 809 1678 aesti-

62 1696 194 1755 matione
215 1700 362 1771 pensabat.
396 1700 502 1757 Bibere
514 1715 714 1789 perseverem,
727 1709 769 1765 ut,
783 1698 809 1754 si

62 1792 215 1834 venenum
228 1778 332 1833 datum
349 1776 448 1845 fuerit,
462 1775 501 1832 ιιὲ
514 1777 665 1833 immerito
678 1776 809 1849 quidem,

62 1855 208 1929 quidquid
226 1854 373 1925 acciderit,
391 1855 524 1911 evenisse
537 1850 693 1911 videatur?
715 1853 809 1910 Dam-

62 1946 136 1991 nem
149 1933 256 1991 mediei
269 1933 384 1991 fidem?
406 1934 437 1990 in
456 1934 646 1991 tabernaculo
663 1948 736 2007 ergo
757 1950 808 1990 me

62 2012 192 2086 opprimi
205 2010 316 2089 patiar?
339 2015 381 2070 nt
393 2010 486 2069 satiris
498 2022 543 2069 est
556 2010 650 2069 alieno
662 2030 712 2069 me
731 2011 809 2068 mori

64 2092 186 2161 scelere,
200 2089 291 2166 quim
304 2101 387 2150 metu
403 2108 481 2149 meo.
521 2089 585 2148 Diu
609 2089 710 2148 animo
721 2089 750 2146 in
764 2089 808 2145 di-

63 2186 151 2227 versa
172 2181 298 2238 versato,
309 2170 381 2229 nulli
390 2170 460 2243 quid
473 2169 618 2244 scriptum
628 2178 708 2227 esset
717 2185 807 2226 enun-

64 2246 135 2314 tiat3
159 2247 381 2323 epistolamque,
395 2248 492 2325 sigillo
505 2248 606 2305 annuli
620 2246 665 2304 sui
679 2248 805 2321 impres·

65 2345 139 2397 sam,
151 2325 275 2398 pulvino
289 2326 337 2388 cui
349 2328 536 2386 incumbebat
545 2326 676 2404 subjecit.

103 2405 186 2462 inter
207 2408 261 2462 has
281 2404 472 2481 cogitationes
492 2405 580 2463 biduo
595 2407 759 2477 absumpto,
773 2403 806 2473 ilg

65 2481 141 2541 luxit
154 2481 171 2541 ai
185 2482 303 2541 medico
316 2484 477 2541 destinatus
484 2484 556 2553 dies,
571 2493 601 2540 et
608 2481 659 2540 ille
669 2499 740 2539 cum
755 2500 807 2555 po·

64 2560 131 2621 eulo
151 2561 183 2617 in
202 2578 263 2635 quo
276 2562 527 2621 medicamentum
538 2560 665 2619 diluerat
680 2560 806 2617 intravit.

64 2640 132 2710 Quo
152 2640 216 2696 viso
237 2642 407 2701 Alexander
426 2642 521 2699 levato
540 2656 664 2713 corpore
684 2639 715 2694 in
729 2637 809 2693 cubi·

64 2720 137 2787 ium,
151 2718 335 2791 epistolam
319 2738 337 2776 a
350 2718 543 2777 Parmemone
550 2734 675 2775 missam
688 2714 807 2771 sinistra

64 2812 152 2857 manu
165 2808 278 2869 tenens,
293 2795 400 2872 accipit
412 2799 554 2872 poculum
566 2805 601 2853 et
608 2792 708 2852 haurit
717 2790 810 2846 inter·
