<?xml version="1.0" encoding="UTF-8"?>
<!DOCTYPE html PUBLIC "-//W3C//DTD XHTML 1.0 Transitional//EN"
    "http://www.w3.org/TR/xhtml1/DTD/xhtml1-transitional.dtd">
<html xmlns="http://www.w3.org/1999/xhtml" xml:lang="en" lang="en">
 <head>
  <title>
</title>
<meta http-equiv="Content-Type" content="text/html;charset=utf-8" />
  <meta name='ocr-system' content='tesseract 3.04.00' />
  <meta name='ocr-capabilities' content='ocr_page ocr_carea ocr_par ocr_line ocrx_word'/>
</head>
<body>
  <div class='ocr_page' id='page_1' title='image "./narrationesexce00watsgoog_0261.png"; bbox 0 0 1875 3267; ppageno 0'>
   <div class='ocr_carea' id='block_1_1' title="bbox 474 265 618 341">
    <p class='ocr_par' dir='ltr' id='par_1_1' title="bbox 474 265 618 341">
     <span class='ocr_line' id='line_1_1' title="bbox 474 265 618 341; baseline -0.007 0"><span class='ocrx_word' id='word_1_1' title='bbox 474 265 538 341; x_wconf 50' lang='lat'><strong>26⁵2</strong></span> <span class='ocrx_word' id='word_1_2' title='bbox 615 330 618 340; x_wconf 89' lang='lat'><em>.</em></span> 
     </span>
    </p>
   </div>
   <div class='ocr_carea' id='block_1_2' title="bbox 86 404 921 2694">
    <p class='ocr_par' dir='ltr' id='par_1_2' title="bbox 122 404 921 976">
     <span class='ocr_line' id='line_1_2' title="bbox 123 404 921 508; baseline 0 -23"><span class='ocrx_word' id='word_1_3' title='bbox 123 425 186 508; x_wconf 82' lang='lat' dir='ltr'><strong>jam</strong></span> <span class='ocrx_word' id='word_1_4' title='bbox 201 423 326 486; x_wconf 75' lang='lat' dir='ltr'><strong>antd&#39;lrae</strong></span> <span class='ocrx_word' id='word_1_5' title='bbox 342 423 653 502; x_wconf 77' lang='lat' dir='ltr'><strong>gentesmrant,scias</strong></span> <span class='ocrx_word' id='word_1_6' title='bbox 662 425 778 484; x_wconf 75' lang='lat' dir='ltr'><strong>multos</strong></span> <span class='ocrx_word' id='word_1_7' title='bbox 789 429 877 485; x_wconf 84' lang='lat' dir='ltr'><strong>nostri</strong></span> <span class='ocrx_word' id='word_1_8' title='bbox 919 404 921 485; x_wconf 75' lang='lat' dir='ltr'><strong>i</strong></span> 
     </span>
     <span class='ocr_line' id='line_1_3' title="bbox 124 505 879 566; baseline -0.004 -1"><span class='ocrx_word' id='word_1_9' title='bbox 124 507 234 566; x_wconf 83' lang='lat' dir='ltr'><strong>similes</strong></span> <span class='ocrx_word' id='word_1_10' title='bbox 245 506 275 562; x_wconf 88' lang='lat' dir='ltr'><strong>in</strong></span> <span class='ocrx_word' id='word_1_11' title='bbox 289 505 406 563; x_wconf 79' lang='lat' dir='ltr'><strong>civitate</strong></span> <span class='ocrx_word' id='word_1_12' title='bbox 418 508 552 562; x_wconf 64' lang='lat' dir='ltr'><strong>Romane</strong></span> <span class='ocrx_word' id='word_1_13' title='bbox 566 522 652 562; x_wconf 73' lang='lat' dir='ltr'><strong>esse:</strong></span> <span class='ocrx_word' id='word_1_14' title='bbox 676 523 736 561; x_wconf 85' lang='lat' dir='ltr'><strong>nec</strong></span> <span class='ocrx_word' id='word_1_15' title='bbox 745 507 843 563; x_wconf 87' lang='lat' dir='ltr'><strong>ullum</strong></span> <span class='ocrx_word' id='word_1_16' title='bbox 853 508 879 562; x_wconf 85' lang='lat' dir='ltr'><strong>in</strong></span> 
     </span>
     <span class='ocr_line' id='line_1_4' title="bbox 124 582 880 662; baseline -0.001 -19"><span class='ocrx_word' id='word_1_17' title='bbox 124 587 210 643; x_wconf 78' lang='lat' dir='ltr'><strong>terris</strong></span> <span class='ocrx_word' id='word_1_18' title='bbox 229 587 369 662; x_wconf 86' lang='lat' dir='ltr'><strong>populum</strong></span> <span class='ocrx_word' id='word_1_19' title='bbox 384 582 471 642; x_wconf 69' lang='lat' dir='ltr'><strong>hodie</strong></span> <span class='ocrx_word' id='word_1_20' title='bbox 493 583 551 642; x_wconf 86' lang='lat' dir='ltr'><strong>dici</strong></span> <span class='ocrx_word' id='word_1_21' title='bbox 563 599 662 658; x_wconf 84' lang='lat' dir='ltr'><strong>posse,</strong></span> <span class='ocrx_word' id='word_1_22' title='bbox 675 602 768 656; x_wconf 86' lang='lat' dir='ltr'><strong>quem</strong></span> <span class='ocrx_word' id='word_1_23' title='bbox 784 583 880 647; x_wconf 78' lang='lat' dir='ltr'><strong>minis</strong></span> 
     </span>
     <span class='ocr_line' id='line_1_5' title="bbox 123 662 920 738; baseline 0 -17"><span class='ocrx_word' id='word_1_24' title='bbox 123 665 176 722; x_wconf 86' lang='lat' dir='ltr'><strong>tibi</strong></span> <span class='ocrx_word' id='word_1_25' title='bbox 196 665 313 722; x_wconf 84' lang='lat' dir='ltr'><strong>hostem</strong></span> <span class='ocrx_word' id='word_1_26' title='bbox 335 662 455 738; x_wconf 84' lang='lat' dir='ltr'><strong>tuisque</strong></span> <span class='ocrx_word' id='word_1_27' title='bbox 475 681 541 720; x_wconf 76' lang='lat' dir='ltr'><strong>esse</strong></span> <span class='ocrx_word' id='word_1_28' title='bbox 565 662 646 726; x_wconf 84' lang='lat' dir='ltr'><strong>velis,</strong></span> <span class='ocrx_word' id='word_1_29' title='bbox 669 673 723 720; x_wconf 85' lang='lat' dir='ltr'><strong>aut</strong></span> <span class='ocrx_word' id='word_1_30' title='bbox 751 665 880 721; x_wconf 86' lang='lat' dir='ltr'><strong>amicum</strong></span> <span class='ocrx_word' id='word_1_31' title='bbox 919 702 920 711; x_wconf 24' lang='grc' dir='ltr'><strong>η</strong></span> 
     </span>
     <span class='ocr_line' id='line_1_6' title="bbox 123 740 881 817; baseline -0.004 -15"><span class='ocrx_word' id='word_1_32' title='bbox 123 744 240 802; x_wconf 85' lang='lat' dir='ltr'><strong>malis.&#39;’</strong></span> <span class='ocrx_word' id='word_1_33' title='bbox 262 744 451 808; x_wconf 79' lang='lat' dir='ltr'><strong>Adolescens,</strong></span> <span class='ocrx_word' id='word_1_34' title='bbox 474 742 564 798; x_wconf 77' lang='lat' dir='ltr'><strong>sinrul</strong></span> <span class='ocrx_word' id='word_1_35' title='bbox 584 740 699 814; x_wconf 84' lang='lat' dir='ltr'><strong>pudore</strong></span> <span class='ocrx_word' id='word_1_36' title='bbox 720 752 753 798; x_wconf 92' lang='lat' dir='ltr'><strong>et</strong></span> <span class='ocrx_word' id='word_1_37' title='bbox 779 743 881 817; x_wconf 77' lang='lat' dir='ltr'><strong>gaudio</strong></span> 
     </span>
     <span class='ocr_line' id='line_1_7' title="bbox 122 818 921 907; baseline -0.001 -29"><span class='ocrx_word' id='word_1_38' title='bbox 122 821 271 898; x_wconf 85' lang='lat' dir='ltr'><strong>perfusus,</strong></span> <span class='ocrx_word' id='word_1_39' title='bbox 283 823 420 879; x_wconf 81' lang='lat' dir='ltr'><strong>dextram</strong></span> <span class='ocrx_word' id='word_1_40' title='bbox 434 818 584 894; x_wconf 82' lang='lat' dir='ltr'><strong>Scipionis</strong></span> <span class='ocrx_word' id='word_1_41' title='bbox 591 829 705 887; x_wconf 86' lang='lat' dir='ltr'><strong>tenens,</strong></span> <span class='ocrx_word' id='word_1_42' title='bbox 723 821 812 877; x_wconf 83' lang='lat' dir='ltr'><strong>Deos</strong></span> <span class='ocrx_word' id='word_1_43' title='bbox 826 841 882 877; x_wconf 91' lang='lat' dir='ltr'><strong>om·</strong></span> <span class='ocrx_word' id='word_1_44' title='bbox 919 844 921 907; x_wconf 54' lang='lat' dir='ltr'><strong>p</strong></span> 
     </span>
     <span class='ocr_line' id='line_1_8' title="bbox 124 897 882 976; baseline -0.004 -17"><span class='ocrx_word' id='word_1_45' title='bbox 124 911 178 960; x_wconf 75' lang='lat' dir='ltr'><strong>iles</strong></span> <span class='ocrx_word' id='word_1_46' title='bbox 191 900 326 958; x_wconf 85' lang='lat' dir='ltr'><strong>invocare</strong></span> <span class='ocrx_word' id='word_1_47' title='bbox 340 901 374 956; x_wconf 88' lang='lat' dir='ltr'><strong>ad</strong></span> <span class='ocrx_word' id='word_1_48' title='bbox 385 901 511 976; x_wconf 81' lang='lat' dir='ltr'><strong>gratiam</strong></span> <span class='ocrx_word' id='word_1_49' title='bbox 522 900 564 955; x_wconf 92' lang='lat' dir='ltr'><strong>illi</strong></span> <span class='ocrx_word' id='word_1_50' title='bbox 576 915 630 972; x_wconf 85' lang='lat' dir='ltr'><strong>pru</strong></span> <span class='ocrx_word' id='word_1_51' title='bbox 641 917 672 954; x_wconf 87' lang='lat' dir='ltr'><strong>se</strong></span> <span class='ocrx_word' id='word_1_52' title='bbox 683 897 882 967; x_wconf 65' lang='lat' dir='ltr'><strong>referendam</strong></span> 
     </span>
    </p>

    <p class='ocr_par' dir='ltr' id='par_1_3' title="bbox 86 975 882 1132">
     <span class='ocr_line' id='line_1_9' title="bbox 86 975 882 1056; baseline 0 -20"><span class='ocrx_word' id='word_1_53' title='bbox 86 987 93 1003; x_wconf 87' lang='lat'><strong><em>¹</em></strong></span> <span class='ocrx_word' id='word_1_54' title='bbox 123 978 268 1056; x_wconf 64' lang='lat' dir='ltr'><strong>quonium</strong></span> <span class='ocrx_word' id='word_1_55' title='bbox 289 979 342 1036; x_wconf 86' lang='lat' dir='ltr'><strong>sibi</strong></span> <span class='ocrx_word' id='word_1_56' title='bbox 363 975 551 1054; x_wconf 69' lang='lat' dir='ltr'><strong>nequaquzim</strong></span> <span class='ocrx_word' id='word_1_57' title='bbox 566 975 818 1046; x_wconf 60' lang='lat' dir='ltr'><strong>satisfacerem,</strong></span> <span class='ocrx_word' id='word_1_58' title='bbox 837 997 882 1052; x_wconf 87' lang='lat' dir='ltr'><strong>pra</strong></span> 
     </span>
     <span class='ocr_line' id='line_1_10' title="bbox 124 1043 881 1132; baseline -0.003 -16"><span class='ocrx_word' id='word_1_59' title='bbox 124 1077 182 1116; x_wconf 83' lang='lat' dir='ltr'><strong>suo</strong></span> <span class='ocrx_word' id='word_1_60' title='bbox 201 1058 301 1118; x_wconf 85' lang='lat' dir='ltr'><strong>animo</strong></span> <span class='ocrx_word' id='word_1_61' title='bbox 327 1067 416 1132; x_wconf 87' lang='lat' dir='ltr'><strong>atque</strong></span> <span class='ocrx_word' id='word_1_62' title='bbox 429 1057 509 1115; x_wconf 85' lang='lat' dir='ltr'><strong>illius</strong></span> <span class='ocrx_word' id='word_1_63' title='bbox 529 1073 601 1131; x_wconf 81' lang='lat' dir='ltr'><strong>erga</strong></span> <span class='ocrx_word' id='word_1_64' title='bbox 613 1043 786 1125; x_wconf 76' lang='lat' dir='ltr'><strong>se‘merim,</strong></span> <span class='ocrx_word' id='word_1_65' title='bbox 800 1068 881 1114; x_wconf 83' lang='lat' dir='ltr'><strong>esset.</strong></span> 
     </span>
    </p>

    <p class='ocr_par' dir='ltr' id='par_1_4' title="bbox 96 1133 921 2694">
     <span class='ocr_line' id='line_1_11' title="bbox 96 1133 882 1212; baseline -0.011 -12"><span class='ocrx_word' id='word_1_66' title='bbox 96 1191 99 1200; x_wconf 92' lang='lat'><em>.</em></span> <span class='ocrx_word' id='word_1_67' title='bbox 124 1136 265 1200; x_wconf 87' lang='lat' dir='ltr'><strong>Parentes</strong></span> <span class='ocrx_word' id='word_1_68' title='bbox 290 1137 358 1195; x_wconf 85' lang='lat' dir='ltr'><strong>inde</strong></span> <span class='ocrx_word' id='word_1_69' title='bbox 384 1134 563 1210; x_wconf 82' lang='lat' dir='ltr'><strong>cognatique</strong></span> <span class='ocrx_word' id='word_1_70' title='bbox 588 1133 713 1208; x_wconf 82' lang='lat' dir='ltr'><strong>virginis</strong></span> <span class='ocrx_word' id='word_1_71' title='bbox 735 1137 882 1212; x_wconf 83' lang='lat' dir='ltr'><strong>appellati.</strong></span> 
     </span>
     <span class='ocr_line' id='line_1_12' title="bbox 123 1213 883 1292; baseline -0.001 -18"><span class='ocrx_word' id='word_1_72' title='bbox 123 1216 185 1287; x_wconf 84' lang='lat' dir='ltr'><strong>Qui</strong></span> <span class='ocrx_word' id='word_1_73' title='bbox 199 1215 350 1292; x_wconf 70' lang='lat' dir='ltr'><strong>quonidm,</strong></span> <span class='ocrx_word' id='word_1_74' title='bbox 364 1213 454 1290; x_wconf 83' lang='lat' dir='ltr'><strong>gratis</strong></span> <span class='ocrx_word' id='word_1_75' title='bbox 468 1215 523 1272; x_wconf 87' lang='lat' dir='ltr'><strong>sibi</strong></span> <span class='ocrx_word' id='word_1_76' title='bbox 536 1213 712 1271; x_wconf 73' lang='lat' dir='ltr'><strong>redderetur</strong></span> <span class='ocrx_word' id='word_1_77' title='bbox 725 1217 840 1291; x_wconf 83' lang='lat' dir='ltr'><strong>virgo:</strong></span> <span class='ocrx_word' id='word_1_78' title='bbox 855 1220 883 1273; x_wconf 81' lang='lat' dir='ltr'><strong>ad</strong></span> 
     </span>
     <span class='ocr_line' id='line_1_13' title="bbox 123 1292 884 1370; baseline -0.001 -17"><span class='ocrx_word' id='word_1_79' title='bbox 123 1314 213 1370; x_wconf 85' lang='lat' dir='ltr'><strong>quam</strong></span> <span class='ocrx_word' id='word_1_80' title='bbox 229 1294 432 1353; x_wconf 85' lang='lat' dir='ltr'><strong>redimendam</strong></span> <span class='ocrx_word' id='word_1_81' title='bbox 454 1293 525 1350; x_wconf 78' lang='lat' dir='ltr'><strong>satis</strong></span> <span class='ocrx_word' id='word_1_82' title='bbox 546 1309 689 1366; x_wconf 82' lang='lat' dir='ltr'><strong>magnum</strong></span> <span class='ocrx_word' id='word_1_83' title='bbox 715 1292 884 1352; x_wconf 79' lang='lat' dir='ltr'><strong>attrtlissent</strong></span> 
     </span>
     <span class='ocr_line' id='line_1_14' title="bbox 124 1368 920 1448; baseline -0.003 -16"><span class='ocrx_word' id='word_1_84' title='bbox 124 1374 188 1432; x_wconf 77' lang='lat' dir='ltr'><strong>euri</strong></span> <span class='ocrx_word' id='word_1_85' title='bbox 200 1376 337 1448; x_wconf 82' lang='lat' dir='ltr'><strong>pondus3</strong></span> <span class='ocrx_word' id='word_1_86' title='bbox 358 1391 443 1430; x_wconf 90' lang='lat' dir='ltr'><strong>orare</strong></span> <span class='ocrx_word' id='word_1_87' title='bbox 459 1371 639 1446; x_wconf 85' lang='lat' dir='ltr'><strong>Scipionem,</strong></span> <span class='ocrx_word' id='word_1_88' title='bbox 647 1382 685 1429; x_wconf 88' lang='lat' dir='ltr'><strong>ut</strong></span> <span class='ocrx_word' id='word_1_89' title='bbox 699 1375 731 1430; x_wconf 83' lang='lat' dir='ltr'><strong>id</strong></span> <span class='ocrx_word' id='word_1_90' title='bbox 741 1375 782 1431; x_wconf 81' lang='lat' dir='ltr'><strong>ab</strong></span> <span class='ocrx_word' id='word_1_91' title='bbox 797 1393 831 1431; x_wconf 91' lang='lat' dir='ltr'><strong>se</strong></span> <span class='ocrx_word' id='word_1_92' title='bbox 844 1375 885 1432; x_wconf 91' lang='lat' dir='ltr'><strong>do·</strong></span> <span class='ocrx_word' id='word_1_93' title='bbox 919 1368 920 1439; x_wconf 65' lang='lat' dir='ltr'>J</span> 
     </span>
     <span class='ocr_line' id='line_1_15' title="bbox 123 1450 885 1530; baseline 0 -20"><span class='ocrx_word' id='word_1_94' title='bbox 123 1470 198 1510; x_wconf 83' lang='lat' dir='ltr'><strong>rrum</strong></span> <span class='ocrx_word' id='word_1_95' title='bbox 212 1451 368 1530; x_wconf 83' lang='lat' dir='ltr'><strong>acciperet,</strong></span> <span class='ocrx_word' id='word_1_96' title='bbox 377 1461 548 1524; x_wconf 79' lang='lat' dir='ltr'><strong>ruperunt:</strong></span> <span class='ocrx_word' id='word_1_97' title='bbox 564 1450 643 1507; x_wconf 80' lang='lat' dir='ltr'><strong>baud</strong></span> <span class='ocrx_word' id='word_1_98' title='bbox 651 1450 813 1510; x_wconf 87' lang='lat' dir='ltr'><strong>minorem</strong></span> <span class='ocrx_word' id='word_1_99' title='bbox 828 1451 885 1530; x_wconf 80' lang='lat' dir='ltr'><strong>ejus</strong></span> 
     </span>
     <span class='ocr_line' id='line_1_16' title="bbox 124 1528 886 1608; baseline -0.003 -18"><span class='ocrx_word' id='word_1_100' title='bbox 124 1532 169 1590; x_wconf 79' lang='lat' dir='ltr'><strong>rei</strong></span> <span class='ocrx_word' id='word_1_101' title='bbox 180 1532 257 1608; x_wconf 84' lang='lat' dir='ltr'><strong>apud</strong></span> <span class='ocrx_word' id='word_1_102' title='bbox 271 1549 303 1587; x_wconf 85' lang='lat' dir='ltr'><strong>se</strong></span> <span class='ocrx_word' id='word_1_103' title='bbox 318 1534 444 1602; x_wconf 82' lang='lat' dir='ltr'><strong>gratiam</strong></span> <span class='ocrx_word' id='word_1_104' title='bbox 456 1528 588 1588; x_wconf 80' lang='lat' dir='ltr'><strong>futuram</strong></span> <span class='ocrx_word' id='word_1_105' title='bbox 602 1545 678 1596; x_wconf 87' lang='lat' dir='ltr'><strong>esse,</strong></span> <span class='ocrx_word' id='word_1_106' title='bbox 692 1531 886 1600; x_wconf 75' lang='lat' dir='ltr'><strong>affirmantes,</strong></span> 
     </span>
     <span class='ocr_line' id='line_1_17' title="bbox 124 1606 888 1686; baseline 0.003 -20"><span class='ocrx_word' id='word_1_107' title='bbox 124 1608 218 1685; x_wconf 61' lang='lat' dir='ltr'><strong>quim</strong></span> <span class='ocrx_word' id='word_1_108' title='bbox 233 1608 354 1668; x_wconf 83' lang='lat' dir='ltr'><strong>redditae</strong></span> <span class='ocrx_word' id='word_1_109' title='bbox 367 1609 514 1667; x_wconf 83' lang='lat' dir='ltr'><strong>inviolatae</strong></span> <span class='ocrx_word' id='word_1_110' title='bbox 528 1607 604 1664; x_wconf 85' lang='lat' dir='ltr'><strong>foret</strong></span> <span class='ocrx_word' id='word_1_111' title='bbox 617 1606 752 1684; x_wconf 83' lang='lat' dir='ltr'><strong>virginis.</strong></span> <span class='ocrx_word' id='word_1_112' title='bbox 777 1610 888 1686; x_wconf 84' lang='lat' dir='ltr'><strong>Scipio,</strong></span> 
     </span>
     <span class='ocr_line' id='line_1_18' title="bbox 124 1689 887 1764; baseline 0.003 -20"><span class='ocrx_word' id='word_1_113' title='bbox 124 1689 244 1764; x_wconf 80' lang='lat' dir='ltr'><strong>quandd</strong></span> <span class='ocrx_word' id='word_1_114' title='bbox 266 1698 346 1762; x_wconf 86' lang='lat' dir='ltr'><strong>tanto</strong></span> <span class='ocrx_word' id='word_1_115' title='bbox 366 1706 454 1762; x_wconf 88' lang='lat' dir='ltr'><strong>opere</strong></span> <span class='ocrx_word' id='word_1_116' title='bbox 475 1696 619 1759; x_wconf 86' lang='lat' dir='ltr'><strong>peterent,</strong></span> <span class='ocrx_word' id='word_1_117' title='bbox 641 1700 848 1763; x_wconf 81' lang='lat' dir='ltr'><strong>accepturum</strong></span> <span class='ocrx_word' id='word_1_118' title='bbox 863 1709 887 1745; x_wconf 91' lang='lat' dir='ltr'><strong>se</strong></span> 
     </span>
     <span class='ocr_line' id='line_1_19' title="bbox 124 1762 888 1854; baseline -0.003 -28"><span class='ocrx_word' id='word_1_119' title='bbox 124 1769 283 1844; x_wconf 80' lang='lat' dir='ltr'><strong>pollicitus,</strong></span> <span class='ocrx_word' id='word_1_120' title='bbox 296 1767 364 1839; x_wconf 88' lang='lat' dir='ltr'><strong>poni</strong></span> <span class='ocrx_word' id='word_1_121' title='bbox 373 1779 439 1826; x_wconf 85' lang='lat' dir='ltr'><strong>ante</strong></span> <span class='ocrx_word' id='word_1_122' title='bbox 450 1767 541 1840; x_wconf 83' lang='lat' dir='ltr'><strong>pedes</strong></span> <span class='ocrx_word' id='word_1_123' title='bbox 550 1762 656 1854; x_wconf 75' lang='lat' dir='ltr'><strong>jussit:</strong></span> <span class='ocrx_word' id='word_1_124' title='bbox 671 1779 847 1841; x_wconf 84' lang='lat' dir='ltr'><strong>vocatoque</strong></span> <span class='ocrx_word' id='word_1_125' title='bbox 859 1770 888 1825; x_wconf 87' lang='lat' dir='ltr'><strong>ad</strong></span> 
     </span>
     <span class='ocr_line' id='line_1_20' title="bbox 125 1845 888 1924; baseline 0 -20"><span class='ocrx_word' id='word_1_126' title='bbox 125 1867 157 1904; x_wconf 86' lang='lat' dir='ltr'><strong>se</strong></span> <span class='ocrx_word' id='word_1_127' title='bbox 172 1848 299 1913; x_wconf 75' lang='lat' dir='ltr'><strong>Allucio,</strong></span> <span class='ocrx_word' id='word_1_128' title='bbox 315 1849 413 1924; x_wconf 85' lang='lat' dir='ltr'><strong>Super</strong></span> <span class='ocrx_word' id='word_1_129' title='bbox 426 1848 536 1912; x_wconf 86' lang='lat' dir='ltr'><strong>dotem,</strong></span> <span class='ocrx_word' id='word_1_130' title='bbox 550 1845 657 1918; x_wconf 80' lang='lat' dir='ltr'><strong>lnquit,</strong></span> <span class='ocrx_word' id='word_1_131' title='bbox 671 1863 769 1920; x_wconf 84' lang='lat' dir='ltr'><strong>quam</strong></span> <span class='ocrx_word' id='word_1_132' title='bbox 785 1865 888 1920; x_wconf 84' lang='lat' dir='ltr'><strong>accep·</strong></span> 
     </span>
     <span class='ocr_line' id='line_1_21' title="bbox 124 1921 890 1996; baseline -0.003 -11"><span class='ocrx_word' id='word_1_133' title='bbox 124 1936 211 1985; x_wconf 78' lang='lat' dir='ltr'><strong>turus</strong></span> <span class='ocrx_word' id='word_1_134' title='bbox 226 1924 242 1982; x_wconf 69' lang='lat' dir='ltr'><strong>ei</strong></span> <span class='ocrx_word' id='word_1_135' title='bbox 257 1944 359 1982; x_wconf 87' lang='lat' dir='ltr'><strong>socero</strong></span> <span class='ocrx_word' id='word_1_136' title='bbox 374 1947 415 1996; x_wconf 80' lang='lat' dir='ltr'><strong>cs,</strong></span> <span class='ocrx_word' id='word_1_137' title='bbox 429 1927 495 1983; x_wconf 86' lang='lat' dir='ltr'><strong>haec</strong></span> <span class='ocrx_word' id='word_1_138' title='bbox 510 1924 560 1981; x_wconf 86' lang='lat' dir='ltr'><strong>tibi</strong></span> <span class='ocrx_word' id='word_1_139' title='bbox 576 1921 592 1979; x_wconf 73' lang='lat' dir='ltr'><strong>l</strong></span> <span class='ocrx_word' id='word_1_140' title='bbox 615 1943 665 1982; x_wconf 92' lang='lat' dir='ltr'><strong>me</strong></span> <span class='ocrx_word' id='word_1_141' title='bbox 687 1924 807 1984; x_wconf 84' lang='lat' dir='ltr'><strong>dotalia</strong></span> <span class='ocrx_word' id='word_1_142' title='bbox 820 1927 890 1983; x_wconf 81' lang='lat' dir='ltr'><strong>dona</strong></span> 
     </span>
     <span class='ocr_line' id='line_1_22' title="bbox 124 2001 921 2082; baseline -0.001 -21"><span class='ocrx_word' id='word_1_143' title='bbox 124 2007 272 2070; x_wconf 80' lang='lat' dir='ltr'><strong>accedent,</strong></span> <span class='ocrx_word' id='word_1_144' title='bbox 285 2021 450 2072; x_wconf 72' lang='lat' dir='ltr'><strong>aurumque</strong></span> <span class='ocrx_word' id='word_1_145' title='bbox 462 2005 576 2070; x_wconf 88' lang='lat' dir='ltr'><strong>tollere,</strong></span> <span class='ocrx_word' id='word_1_146' title='bbox 584 2021 619 2060; x_wconf 85' lang='lat' dir='ltr'><strong>ac</strong></span> <span class='ocrx_word' id='word_1_147' title='bbox 632 2001 687 2060; x_wconf 89' lang='lat' dir='ltr'><strong>sibi</strong></span> <span class='ocrx_word' id='word_1_148' title='bbox 701 2004 822 2061; x_wconf 82' lang='lat' dir='ltr'><strong>habere</strong></span> <span class='ocrx_word' id='word_1_149' title='bbox 835 2005 889 2082; x_wconf 83' lang='lat' dir='ltr'><strong>jus·</strong></span> <span class='ocrx_word' id='word_1_150' title='bbox 920 2010 921 2017; x_wconf 77' lang='grc'>’</span> 
     </span>
     <span class='ocr_line' id='line_1_23' title="bbox 124 2079 889 2154; baseline 0 -15"><span class='ocrx_word' id='word_1_151' title='bbox 124 2083 171 2139; x_wconf 87' lang='lat' dir='ltr'><strong>sit.</strong></span> <span class='ocrx_word' id='word_1_152' title='bbox 195 2081 251 2138; x_wconf 85' lang='lat' dir='ltr'><strong>His</strong></span> <span class='ocrx_word' id='word_1_153' title='bbox 274 2079 360 2140; x_wconf 73' lang='lat' dir='ltr'><strong>laetu‘s</strong></span> <span class='ocrx_word' id='word_1_154' title='bbox 385 2083 470 2141; x_wconf 82' lang='lat' dir='ltr'><strong>donis</strong></span> <span class='ocrx_word' id='word_1_155' title='bbox 497 2081 719 2154; x_wconf 73' lang='lat' dir='ltr'><strong>honoribusque</strong></span> <span class='ocrx_word' id='word_1_156' title='bbox 743 2083 889 2142; x_wconf 82' lang='lat' dir='ltr'><strong>dimissus</strong></span> 
     </span>
     <span class='ocr_line' id='line_1_24' title="bbox 125 2157 921 2247; baseline -0.001 -31"><span class='ocrx_word' id='word_1_157' title='bbox 125 2161 257 2226; x_wconf 86' lang='lat' dir='ltr'><strong>domum,</strong></span> <span class='ocrx_word' id='word_1_158' title='bbox 270 2157 406 2232; x_wconf 88' lang='lat' dir='ltr'><strong>implevit</strong></span> <span class='ocrx_word' id='word_1_159' title='bbox 426 2163 586 2236; x_wconf 80' lang='lat' dir='ltr'><strong>populares</strong></span> <span class='ocrx_word' id='word_1_160' title='bbox 605 2159 747 2219; x_wconf 82' lang='lat' dir='ltr'><strong>laudibus</strong></span> <span class='ocrx_word' id='word_1_161' title='bbox 774 2162 890 2219; x_wconf 83' lang='lat' dir='ltr'><strong>meritis</strong></span> <span class='ocrx_word' id='word_1_162' title='bbox 920 2212 921 2247; x_wconf 27' lang='grc'>1</span> 
     </span>
     <span class='ocr_line' id='line_1_25' title="bbox 125 2238 921 2333; baseline -0.003 -37"><span class='ocrx_word' id='word_1_163' title='bbox 125 2238 290 2314; x_wconf 85' lang='lat' dir='ltr'><strong>Scipionis:</strong></span> <span class='ocrx_word' id='word_1_164' title='bbox 313 2241 440 2300; x_wconf 86' lang='lat' dir='ltr'><strong>Venisse</strong></span> <span class='ocrx_word' id='word_1_165' title='bbox 450 2240 519 2298; x_wconf 83' lang='lat' dir='ltr'><strong>Diis</strong></span> <span class='ocrx_word' id='word_1_166' title='bbox 530 2239 720 2298; x_wconf 86' lang='lat' dir='ltr'><strong>simillimum</strong></span> <span class='ocrx_word' id='word_1_167' title='bbox 732 2239 891 2316; x_wconf 84' lang='lat' dir='ltr'><strong>juvenem:</strong></span> <span class='ocrx_word' id='word_1_168' title='bbox 920 2276 921 2333; x_wconf 73' lang='lat' dir='ltr'><strong>l</strong></span> 
     </span>
     <span class='ocr_line' id='line_1_26' title="bbox 125 2315 892 2395; baseline 0.001 -21"><span class='ocrx_word' id='word_1_169' title='bbox 125 2317 293 2375; x_wconf 86' lang='lat' dir='ltr'><strong>vincentem</strong></span> <span class='ocrx_word' id='word_1_170' title='bbox 313 2321 414 2377; x_wconf 86' lang='lat' dir='ltr'><strong>omnia</strong></span> <span class='ocrx_word' id='word_1_171' title='bbox 437 2316 533 2395; x_wconf 75' lang='lat' dir='ltr'><strong>quum</strong></span> <span class='ocrx_word' id='word_1_172' title='bbox 553 2319 656 2381; x_wconf 80' lang='lat' dir='ltr'><strong>armis,</strong></span> <span class='ocrx_word' id='word_1_173' title='bbox 668 2315 738 2375; x_wconf 76' lang='lat' dir='ltr'><strong>tum</strong></span> <span class='ocrx_word' id='word_1_174' title='bbox 752 2319 892 2394; x_wconf 77' lang='lat' dir='ltr'><strong>benigni·</strong></span> 
     </span>
     <span class='ocr_line' id='line_1_27' title="bbox 124 2396 892 2470; baseline 0.003 -16"><span class='ocrx_word' id='word_1_175' title='bbox 124 2405 182 2454; x_wconf 85' lang='lat' dir='ltr'><strong>tate</strong></span> <span class='ocrx_word' id='word_1_176' title='bbox 197 2416 231 2454; x_wconf 85' lang='lat' dir='ltr'><strong>ac</strong></span> <span class='ocrx_word' id='word_1_177' title='bbox 245 2398 411 2470; x_wconf 71' lang='lat' dir='ltr'><strong>beneficiis.</strong></span> <span class='ocrx_word' id='word_1_178' title='bbox 435 2396 557 2468; x_wconf 66' lang='lat' dir='ltr'><strong>‘ltaque</strong></span> <span class='ocrx_word' id='word_1_179' title='bbox 582 2398 700 2456; x_wconf 85' lang='lat' dir='ltr'><strong>delectu</strong></span> <span class='ocrx_word' id='word_1_180' title='bbox 728 2396 892 2456; x_wconf 87' lang='lat' dir='ltr'><strong>clientium</strong></span> 
     </span>
     <span class='ocr_line' id='line_1_28' title="bbox 124 2474 892 2552; baseline -0.001 -18"><span class='ocrx_word' id='word_1_181' title='bbox 124 2474 236 2543; x_wconf 75' lang='lat' dir='ltr'><strong>habito,</strong></span> <span class='ocrx_word' id='word_1_182' title='bbox 260 2493 331 2536; x_wconf 85' lang='lat' dir='ltr'><strong>cum</strong></span> <span class='ocrx_word' id='word_1_183' title='bbox 355 2477 477 2536; x_wconf 86' lang='lat' dir='ltr'><strong>delectis</strong></span> <span class='ocrx_word' id='word_1_184' title='bbox 495 2479 579 2539; x_wconf 81' lang='lat' dir='ltr'><strong>mille</strong></span> <span class='ocrx_word' id='word_1_185' title='bbox 595 2486 639 2535; x_wconf 78' lang='lat' dir='ltr'><strong>et</strong></span> <span class='ocrx_word' id='word_1_186' title='bbox 661 2478 892 2552; x_wconf 49' lang='lat' dir='ltr'><strong>quadringentis</strong></span> 
     </span>
     <span class='ocr_line' id='line_1_29' title="bbox 124 2552 892 2631; baseline 0.001 -19"><span class='ocrx_word' id='word_1_187' title='bbox 124 2552 273 2627; x_wconf 78' lang='lat' dir='ltr'><strong>equitibus</strong></span> <span class='ocrx_word' id='word_1_188' title='bbox 296 2554 374 2616; x_wconf 68' lang='lat' dir='ltr'><strong>iatri</strong></span> <span class='ocrx_word' id='word_1_189' title='bbox 395 2573 507 2631; x_wconf 84' lang='lat' dir='ltr'><strong>paucos</strong></span> <span class='ocrx_word' id='word_1_190' title='bbox 521 2555 586 2613; x_wconf 85' lang='lat' dir='ltr'><strong>dics</strong></span> <span class='ocrx_word' id='word_1_191' title='bbox 599 2555 636 2612; x_wconf 85' lang='lat' dir='ltr'><strong>ad</strong></span> <span class='ocrx_word' id='word_1_192' title='bbox 650 2556 837 2630; x_wconf 82' lang='lat' dir='ltr'><strong>Scipionem</strong></span> <span class='ocrx_word' id='word_1_193' title='bbox 850 2574 892 2613; x_wconf 82' lang='lat' dir='ltr'><strong>re·</strong></span> 
     </span>
     <span class='ocr_line' id='line_1_30' title="bbox 126 2632 229 2694; baseline 0.039 -6"><span class='ocrx_word' id='word_1_194' title='bbox 126 2632 229 2694; x_wconf 76' lang='lat' dir='ltr'><strong>vortit.</strong></span> 
     </span>
    </p>
   </div>
   <div class='ocr_carea' id='block_1_3' title="bbox 0 0 946 3267">
    <p class='ocr_par' dir='ltr' id='par_1_5' title="bbox 0 0 946 3267">
     <span class='ocr_line' id='line_1_31' title="bbox 0 0 946 3267; baseline 0 0"><span class='ocrx_word' id='word_1_195' title='bbox 0 0 946 3267; x_wconf 95' lang='lat' dir='ltr'><strong> </strong></span> 
     </span>
    </p>
   </div>
  </div>
 </body>
</html>
