1875 3267
433 301 494 356 345

87 465 147 520 que
162 447 372 536 impedimenta
386 467 424 505 ex
438 449 541 505 castris
563 447 659 518 educi,
675 460 705 506 et
718 468 749 507 se
763 451 830 506 sub·

86 525 172 599 sequi
191 525 288 602 jussit
316 529 433 594 Caesar,
451 526 597 612 impedin
600 529 673 585 entis
687 528 717 585 in
730 529 830 600 proxi-

81 615 173 662 mum
200 607 307 661 collem
333 588 474 674 deductis,
507 616 661 678 sequutus,
676 619 829 680 quantum

83 684 149 742 diei
159 694 277 756 tempus
297 695 343 740 est
361 703 492 773 passum,
506 684 624 742 circiter
643 703 683 742 111
697 685 829 743 millibus

82 761 218 820 hostium
231 781 270 819 ex
283 762 443 820 novissimo
458 762 577 839 agmine
596 762 769 833 interiectis,
788 766 829 821 al-

79 855 147 898 tero
161 841 209 897 die
229 840 264 897 ad
287 841 421 900 Alesiam
444 855 539 899 castra
558 839 637 899 fecit.
671 843 830 917 Perspecto

81 919 167 978 urbis
180 917 249 988 situ,
263 919 484 994 perterritisque
499 920 641 989 hostibus,
656 919 734 993 qndd
747 922 831 995 equi·

81 1009 159 1067 tatu,
172 999 232 1072 <qui
245 996 377 1054 maxime
387 1009 470 1072 parte
481 999 630 1056 exercitiis
639 998 831 1068 confidebant,

82 1086 171 1136 erant
192 1076 292 1151 pulsi;
313 1077 483 1134 adhortatus
505 1078 542 1134 ad
568 1078 697 1134 laborem
720 1075 831 1134 milites

82 1154 221 1216 Alesiam
238 1154 460 1214 circumvallare
483 1155 617 1214 instituit.
650 1158 754 1230 Ipsum
768 1168 831 1214 erat

77 1235 229 1308 oppidum
242 1233 272 1290 in
282 1235 356 1290 colle
367 1253 487 1294 summo
496 1231 657 1292 admoddm
667 1236 746 1292 edito
756 1237 829 1305 loco,

81 1323 117 1371 ut
130 1312 187 1370 nisi
202 1309 351 1370 obsidione
364 1313 532 1392 expugnari
545 1330 605 1370 non
617 1329 704 1386 posse
716 1312 829 1371 videre-

79 1403 141 1452 tur.
174 1390 268 1467 Cujus
282 1390 365 1446 collis
377 1395 490 1463 radices
503 1395 562 1449 duo
576 1394 688 1450 duabus
702 1412 741 1450 ex
762 1410 830 1468 par-

80 1471 163 1529 tibus
175 1469 298 1527 flumina
307 1471 488 1530 subluebant.
509 1468 587 1530 Ante
596 1470 738 1545 oppidum
749 1475 831 1545 plan-

79 1551 151 1608 ities
165 1549 282 1607 circiter
295 1547 387 1605 millia
400 1567 544 1624 passuum
557 1551 597 1606 ui
620 1551 650 1606 in
672 1551 829 1626 longitudi-

79 1649 155 1687 nem
168 1629 291 1702 patebat.
327 1627 461 1702 Reliquis
480 1649 523 1697 ¹ex
543 1629 682 1685 omnibus
699 1629 829 1700 partibus

81 1710 184 1775 colles,
197 1703 340 1762 mediocri
354 1705 509 1784 interjecto
524 1707 625 1780 spatio,
649 1707 713 1777 pari
734 1709 830 1764 altitu-

81 1787 161 1844 dinis
174 1783 289 1858 fastigio
302 1785 443 1857 oppidum
458 1786 621 1860 cingebant.
656 1786 718 1842 Sub
732 1804 831 1852 muro,

83 1883 155 1941 quae
169 1883 237 1940 pars
251 1863 336 1918 collis
350 1864 385 1919 ad
403 1865 548 1922 orientem
568 1865 729 1936 spectabat,
751 1865 831 1920 hunc

82 1963 208 2002 omnem
217 1943 314 2000 locum
324 1941 417 2015 copiae
429 1944 582 2002 Gallorum
593 1943 828 2014 compleverant;

79 2023 263 2096 fossamque,
286 2030 315 2076 et
335 2022 489 2080 materiam
512 2040 565 2078 sex
588 2022 618 2078 in
644 2019 830 2080 altitudinem

80 2105 198 2176 pedum
219 2099 437 2173 praeduxerant.
471 2100 547 2190 Ejus
568 2099 740 2158 munitionis
760 2120 829 2176 quae

82 2183 120 2238 ab
137 2178 276 2238 Romanis
290 2177 539 2249 instituebatur,
515 2181 620 2237 circuit
621 2199 657 2236 us
671 2197 704 2238 xr
715 2197 754 2233 oo
765 2199 831 2255 pas·

81 2279 176 2317 suum
191 2259 316 2318 tenebat
351 2258 454 2316 Castra
474 2256 654 2335 opportunis
661 2255 735 2315 locis
748 2271 832 2318 erant

81 2339 198 2412 posita;
220 2335 318 2424 ibique
332 2340 451 2395 castella
466 2357 550 2398 xxm
565 2338 680 2408 facta‚'
672 2356 702 2393 m
723 2339 831 2412 quibus

81 2414 214 2474 interdiu
240 2411 381 2471 stationes
401 2417 640 2490 disponebantur,
653 2433 690 2474 ne
704 2434 762 2489 qua
781 2435 831 2472 su-

79 2495 144 2554 bitd
171 2491 297 2567 irruptio
316 2491 411 2552 lieret
441 2497 517 2552 Haec
538 2497 643 2551 eadem
665 2508 757 2553 noctu
778 2514 830 2550 ex·

81 2573 276 2639 cubitoribus,
303 2589 337 2628 ac
360 2569 455 2630 firmis
481 2572 627 2647 praes'idiis
650 2575 830 2629 tenebantur.

81 2659 186 2730 Opere
199 2652 282 2710 instit
283 2659 344 2716 uto,
304 2648 399 2709 tiit
414 2662 550 2743 equestre
573 2649 737 2724 praelium
730 2668 760 2705 1n
782 2671 832 2708 ea-

79 2736 153 2791 dem
165 2729 296 2806 planitie,
319 2745 408 2821 quam
430 2730 630 2787 intermissam
653 2727 777 2786 collibus
790 2748 830 2788 111

80 2813 214 2871 millium
227 2823 369 2884 passuum
384 2811 413 2868 in
434 2806 650 2885 longitudinem
668 2815 768 2878 patere
783 2826 833 2864 su·
