1875 3267
444 225 507 282 222

107 367 181 428 Mox
193 376 223 425 et
235 366 301 441 ipse
310 366 418 430 aderat,
430 384 596 444 ancepsque
610 369 853 428 termrcircum·

108 449 220 503 stabat:
243 457 301 504 ete
314 448 435 505 navibus
448 460 527 505 tanta
550 448 595 503 vis
616 458 802 505 armatorum
822 448 854 503 in

107 536 214 580 terram
228 527 365 583 evadens.
379 538 409 583 et
421 529 456 583 ab
467 534 553 601 tergo
562 525 723 600 improvisa
733 544 854 599 preme·

104 604 153 657 bat
166 604 251 659 aeies.
292 604 380 670 Galli,
393 604 548 679 postquam
572 604 650 663 ultro
671 605 735 661 vim
756 603 855 661 facere

106 683 212 737 collati.
227 683 425 754 pellebantur3
440 684 509 756 quia
519 693 619 757 patere
635 683 737 740 visum
757 684 855 745 marei·

108 759 157 815 me
173 760 236 828 iter,
252 772 455 835 perrumpunt,
469 761 634 836 trepidique
652 762 681 818 in
695 762 781 818 uicos
792 778 855 835 pas-

102 835 165 894 -sim
183 858 252 895 suos
265 840 429 912 diffugiunt.
470 839 607 905 Annibal,
627 840 745 896 coeteris
761 839 854 912 copiis

109 933 163 989 per
176 918 270 974 otium
283 916 421 992 trajectis,
430 936 572 992 spernens
584 917 646 992 jam
660 917 796 975 Gallicos
808 928 853 972 tu-

109 999 230 1063 multus,
243 1007 340 1053 castra
352 996 436 1053 locat.
457 994 690 1071 Elephantorum
703 995 854 1070 trajicien·
913 994 914 1001 ’

111 1075 215 1133 dorum
231 1075 309 1131 varia
321 1073 440 1132 consilia
452 1074 543 1134 luisse
555 1076 642 1131 eredo
654 1095 661 1128 ι
683 1073 767 1131 certe
780 1072 853 1131 vari-

110 1163 157 1209 ata
170 1152 313 1210 memoria
334 1163 405 1210 aetae
423 1153 477 1210 rei.
516 1152 644 1222 Quidam
663 1152 857 1227 congregatis

110 1232 146 1287 ad
160 1231 252 1301 ripam
267 1231 446 1303 elephantis;
460 1233 576 1289 tradunt
584 1228 805 1289 ferocissimum
816 1248 852 1287 ex
913 1272 914 1299 p

110 1306 148 1364 iis
157 1307 303 1365 irritatum
312 1311 347 1365 ab
355 1321 469 1366 rectore
478 1308 644 1382 sementim
654 1307 853 1384 refugientem

109 1383 139 1443 in
148 1405 253 1460 apuam
265 1397 380 1443 nantem
392 1398 575 1460 sequeretur,
583 1387 709 1443 traxisse
719 1405 853 1461 gregem,

111 1477 145 1523 ut
157 1484 306 1537 quemnue
318 1465 471 1524 timentem
485 1464 670 1523 altitudinem
682 1463 854 1522 destituerat

111 1544 231 1610 vadum,
244 1543 355 1619 impetu
369 1545 432 1616 ipso
445 1544 575 1601 fluminis
585 1544 612 1599 in
619 1546 742 1601 alteram
757 1543 853 1615 ripam

111 1624 251 1697 rapiente.
304 1625 456 1680 Caeterum
481 1622 578 1696 magis
595 1632 717 1689 constat,
743 1620 854 1679 ratibus
912 1686 913 1693 ἵ

111 1702 264 1778 trajectos:
293 1701 331 1766 id,
344 1711 385 1757 *ut
404 1702 496 1757 tutius
519 1700 674 1775 eonsilium
696 1697 763 1756 ante
791 1718 853 1755 rem

111 1781 189 1838 soret
205 1804 214 1849 ;
234 1781 271 1838 ita
286 1783 349 1837 aeti
364 1800 406 1845 re,
416 1781 452 1835 ad
465 1780 554 1835 fidem
567 1779 688 1851 pronius
701 1789 756 1834 est.
800 1778 855 1833 Ra·

112 1871 175 1920 tem
187 1879 276 1917 unam
289 1860 430 1916 ducentos
453 1861 574 1930 longam
599 1860 698 1930 pedes,
711 1854 855 1929 quinqua·

113 1941 194 2014 ginta
207 1941 304 1999 latam,
318 1936 336 1992 a
349 1949 428 1994 terra
447 1936 477 1992 in
495 1954 613 1991 amnem
636 1946 853 2008 porrexerunt:

113 2036 215 2090 quem,
239 2033 276 2072 ne
300 2018 428 2072 secundi
442 2017 519 2088 aqui
534 2012 706 2079 deferretur,
722 2013 853 2086 pluribus
911 2026 912 2033 ’

113 2096 215 2152 validis
229 2093 395 2150 retinaculis
405 2105 486 2165 parte
500 2092 651 2165 superiore
665 2091 738 2162 ripae
750 2089 855 2164 religa·
911 2090 912 2121 ⁴

114 2182 185 2239 tam,
199 2173 297 2247 pontis
320 2171 349 2226 in
368 2174 487 2228 modum
504 2172 595 2226 humo
609 2169 714 2245 injecta
725 2181 854 2225 constra-

113 2265 228 2316 verunt,
242 2262 274 2307 ut
286 2249 390 2306 belluae
402 2251 539 2305 audacter
548 2250 624 2304 uelut
639 2264 692 2321 per
706 2249 805 2303 solum
816 2247 856 2303 in·

115 2333 315 2406 grederentnr.
357 2330 459 2385 Altera
480 2326 551 2382 ratis
573 2324 658 2396 aeque
679 2326 746 2389 lata,
770 2326 855 2398 longa
910 2366 911 2391 p

114 2412 204 2482 pedes
216 2418 346 2472 centum,
366 2407 402 2462 ad
421 2403 629 2479 trajiciendum
650 2402 762 2458 flumen
784 2414 855 2476 apta,

115 2490 185 2547 huic
196 2488 329 2558 copulata
342 2495 405 2541 est:
427 2492 456 2539 et
469 2480 563 2554 qniim
577 2480 722 2555 elephanti
737 2497 791 2553 per
802 2498 855 2537 sta·

115 2567 206 2625 bilem
220 2574 321 2631 ratem‘
335 2559 477 2634 tanquam
494 2560 579 2624 viam,
593 2558 855 2632 praegredientibus

116 2643 245 2707 leminis,
264 2639 332 2704 aeti,
345 2640 374 2694 in
398 2638 544 2694 minorem
565 2636 740 2709 applicatam
764 2646 854 2693 trans·

115 2720 303 2799 gassianum
323 2712 474 2789 extemplo
483 2712 630 2784 resolutis,
639 2712 747 2789 quibus
756 2716 856 2774 leviter
