<?xml version="1.0" encoding="UTF-8"?>
<!DOCTYPE html PUBLIC "-//W3C//DTD XHTML 1.0 Transitional//EN"
    "http://www.w3.org/TR/xhtml1/DTD/xhtml1-transitional.dtd">
<html xmlns="http://www.w3.org/1999/xhtml" xml:lang="en" lang="en">
 <head>
  <title>
</title>
<meta http-equiv="Content-Type" content="text/html;charset=utf-8" />
  <meta name='ocr-system' content='tesseract 3.04.00' />
  <meta name='ocr-capabilities' content='ocr_page ocr_carea ocr_par ocr_line ocrx_word'/>
</head>
<body>
  <div class='ocr_page' id='page_1' title='image "./narrationesexce00watsgoog_0300.png"; bbox 0 0 1875 3267; ppageno 0'>
   <div class='ocr_carea' id='block_1_1' title="bbox 466 312 563 366">
    <p class='ocr_par' dir='ltr' id='par_1_1' title="bbox 466 312 563 366">
     <span class='ocr_line' id='line_1_1' title="bbox 466 312 563 366; baseline 0 0"><span class='ocrx_word' id='word_1_1' title='bbox 466 312 563 366; x_wconf 75' lang='lat'><strong>303·</strong></span> 
     </span>
    </p>
   </div>
   <div class='ocr_carea' id='block_1_2' title="bbox 72 445 897 2896">
    <p class='ocr_par' dir='ltr' id='par_1_2' title="bbox 72 445 897 2896">
     <span class='ocr_line' id='line_1_2' title="bbox 97 445 841 532; baseline -0.008 -17"><span class='ocrx_word' id='word_1_2' title='bbox 97 456 160 525; x_wconf 56' lang='lat' dir='ltr'>rin</span> <span class='ocrx_word' id='word_1_3' title='bbox 176 453 350 529; x_wconf 80' lang='lat' dir='ltr'>semperque</span> <span class='ocrx_word' id='word_1_4' title='bbox 362 455 396 514; x_wconf 84' lang='lat' dir='ltr'>in</span> <span class='ocrx_word' id='word_1_5' title='bbox 404 457 594 532; x_wconf 72' lang='lat' dir='ltr'><strong>potestatibus</strong></span> <span class='ocrx_word' id='word_1_6' title='bbox 602 475 638 513; x_wconf 91' lang='lat' dir='ltr'>eo</span> <span class='ocrx_word' id='word_1_7' title='bbox 650 456 737 514; x_wconf 88' lang='lat' dir='ltr'>modo</span> <span class='ocrx_word' id='word_1_8' title='bbox 750 445 841 522; x_wconf 70' lang='lat' dir='ltr'>agitu-</span> 
     </span>
     <span class='ocr_line' id='line_1_3' title="bbox 97 526 842 612; baseline -0.005 -21"><span class='ocrx_word' id='word_1_9' title='bbox 97 536 161 602; x_wconf 86' lang='lat' dir='ltr'>bat,</span> <span class='ocrx_word' id='word_1_10' title='bbox 175 547 207 594; x_wconf 89' lang='lat' dir='ltr'>ut</span> <span class='ocrx_word' id='word_1_11' title='bbox 217 534 472 612; x_wconf 73' lang='lat' dir='ltr'>ampliore‚·quaim</span> <span class='ocrx_word' id='word_1_12' title='bbox 486 537 615 610; x_wconf 79' lang='lat' dir='ltr'>gerebat,</span> <span class='ocrx_word' id='word_1_13' title='bbox 626 533 736 608; x_wconf 86' lang='lat' dir='ltr'>dignus</span> <span class='ocrx_word' id='word_1_14' title='bbox 755 526 842 599; x_wconf 68' lang='lat' dir='ltr'>habe·</span> 
     </span>
     <span class='ocr_line' id='line_1_4' title="bbox 99 610 842 676; baseline -0.004 -6"><span class='ocrx_word' id='word_1_15' title='bbox 99 623 197 670; x_wconf 87' lang='lat' dir='ltr'>retur.</span> <span class='ocrx_word' id='word_1_16' title='bbox 217 611 333 671; x_wconf 83' lang='lat' dir='ltr'>Tamen</span> <span class='ocrx_word' id='word_1_17' title='bbox 346 614 371 672; x_wconf 93' lang='lat' dir='ltr'>is</span> <span class='ocrx_word' id='word_1_18' title='bbox 384 616 420 672; x_wconf 88' lang='lat' dir='ltr'>ad</span> <span class='ocrx_word' id='word_1_19' title='bbox 433 615 461 672; x_wconf 93' lang='lat' dir='ltr'>id</span> <span class='ocrx_word' id='word_1_20' title='bbox 475 617 609 670; x_wconf 88' lang='lat' dir='ltr'>locorum</span> <span class='ocrx_word' id='word_1_21' title='bbox 623 612 689 669; x_wconf 88' lang='lat' dir='ltr'>talis</span> <span class='ocrx_word' id='word_1_22' title='bbox 701 610 745 668; x_wconf 81' lang='lat' dir='ltr'>vir</span> <span class='ocrx_word' id='word_1_23' title='bbox 758 610 842 676; x_wconf 76' lang='lat' dir='ltr'>(nam</span> 
     </span>
     <span class='ocr_line' id='line_1_5' title="bbox 100 683 843 767; baseline -0.015 -19"><span class='ocrx_word' id='word_1_24' title='bbox 100 689 208 764; x_wconf 75' lang='lat' dir='ltr'>postea</span> <span class='ocrx_word' id='word_1_25' title='bbox 218 693 375 750; x_wconf 80' lang='lat' dir='ltr'>ambitione</span> <span class='ocrx_word' id='word_1_26' title='bbox 395 710 530 767; x_wconf 86' lang='lat' dir='ltr'>praeceps</span> <span class='ocrx_word' id='word_1_27' title='bbox 543 695 627 750; x_wconf 87' lang='lat' dir='ltr'>datus</span> <span class='ocrx_word' id='word_1_28' title='bbox 640 690 696 760; x_wconf 72' lang='lat' dir='ltr'>e&#39;st)</span> <span class='ocrx_word' id='word_1_29' title='bbox 709 683 843 746; x_wconf 84' lang='lat' dir='ltr'>consula.</span> 
     </span>
     <span class='ocr_line' id='line_1_6' title="bbox 101 762 843 844; baseline -0.009 -18"><span class='ocrx_word' id='word_1_30' title='bbox 101 778 172 826; x_wconf 84' lang='lat' dir='ltr'>turn</span> <span class='ocrx_word' id='word_1_31' title='bbox 185 779 321 844; x_wconf 88' lang='lat' dir='ltr'>appetere</span> <span class='ocrx_word' id='word_1_32' title='bbox 340 789 400 828; x_wconf 93' lang='lat' dir='ltr'>non</span> <span class='ocrx_word' id='word_1_33' title='bbox 412 773 543 828; x_wconf 85' lang='lat' dir='ltr'>audebat.</span> <span class='ocrx_word' id='word_1_34' title='bbox 583 769 682 826; x_wconf 84' lang='lat' dir='ltr'>Etiam</span> <span class='ocrx_word' id='word_1_35' title='bbox 694 777 758 824; x_wconf 89' lang='lat' dir='ltr'>tum</span> <span class='ocrx_word' id='word_1_36' title='bbox 771 762 843 820; x_wconf 87' lang='lat' dir='ltr'>alios</span> 
     </span>
     <span class='ocr_line' id='line_1_7' title="bbox 101 844 844 924; baseline -0.015 -16"><span class='ocrx_word' id='word_1_37' title='bbox 101 846 294 924; x_wconf 81' lang='lat' dir='ltr'>magistratus</span> <span class='ocrx_word' id='word_1_38' title='bbox 308 852 417 924; x_wconf 86' lang='lat' dir='ltr'>plebes,</span> <span class='ocrx_word' id='word_1_39' title='bbox 426 852 613 914; x_wconf 85' lang='lat' dir='ltr'>consulatum</span> <span class='ocrx_word' id='word_1_40' title='bbox 625 845 758 904; x_wconf 82' lang='lat' dir='ltr'>nobilitas</span> <span class='ocrx_word' id='word_1_41' title='bbox 766 844 844 902; x_wconf 85' lang='lat' dir='ltr'>iuter</span> 
     </span>
     <span class='ocr_line' id='line_1_8' title="bbox 101 921 845 999; baseline -0.008 -15"><span class='ocrx_word' id='word_1_42' title='bbox 101 943 136 984; x_wconf 78' lang='lat' dir='ltr'>ee</span> <span class='ocrx_word' id='word_1_43' title='bbox 149 942 203 999; x_wconf 85' lang='lat' dir='ltr'>per</span> <span class='ocrx_word' id='word_1_44' title='bbox 215 945 321 986; x_wconf 88' lang='lat' dir='ltr'>manus</span> <span class='ocrx_word' id='word_1_45' title='bbox 334 930 479 986; x_wconf 75' lang='lat' dir='ltr'>tradebatz</span> <span class='ocrx_word' id='word_1_46' title='bbox 498 945 591 986; x_wconf 84' lang='lat' dir='ltr'>novus</span> <span class='ocrx_word' id='word_1_47' title='bbox 602 945 692 984; x_wconf 88' lang='lat' dir='ltr'>nemo</span> <span class='ocrx_word' id='word_1_48' title='bbox 713 922 774 981; x_wconf 71' lang='lat' dir='ltr'>tim</span> <span class='ocrx_word' id='word_1_49' title='bbox 787 921 845 979; x_wconf 89' lang='lat' dir='ltr'>ela·</span> 
     </span>
     <span class='ocr_line' id='line_1_9' title="bbox 103 1001 845 1083; baseline -0.005 -21"><span class='ocrx_word' id='word_1_50' title='bbox 103 1020 167 1073; x_wconf 86' lang='lat' dir='ltr'>rus,</span> <span class='ocrx_word' id='word_1_51' title='bbox 179 1023 276 1080; x_wconf 82' lang='lat' dir='ltr'>neque</span> <span class='ocrx_word' id='word_1_52' title='bbox 289 1006 352 1064; x_wconf 72' lang='lat' dir='ltr'>tam</span> <span class='ocrx_word' id='word_1_53' title='bbox 364 1005 494 1083; x_wconf 85' lang='lat' dir='ltr'>egregiis</span> <span class='ocrx_word' id='word_1_54' title='bbox 506 1007 588 1074; x_wconf 81' lang='lat' dir='ltr'>factis</span> <span class='ocrx_word' id='word_1_55' title='bbox 601 1015 673 1074; x_wconf 87' lang='lat' dir='ltr'>erat,</span> <span class='ocrx_word' id='word_1_56' title='bbox 684 1002 756 1079; x_wconf 91' lang='lat' dir='ltr'>quin</span> <span class='ocrx_word' id='word_1_57' title='bbox 765 1002 790 1058; x_wconf 92' lang='lat' dir='ltr'>is</span> <span class='ocrx_word' id='word_1_58' title='bbox 802 1001 845 1058; x_wconf 87' lang='lat' dir='ltr'>in·</span> 
     </span>
     <span class='ocr_line' id='line_1_10' title="bbox 100 1083 844 1160; baseline -0.007 -20"><span class='ocrx_word' id='word_1_59' title='bbox 100 1083 212 1158; x_wconf 83' lang='lat' dir='ltr'>diguus</span> <span class='ocrx_word' id='word_1_60' title='bbox 224 1085 273 1142; x_wconf 91' lang='lat' dir='ltr'>illo</span> <span class='ocrx_word' id='word_1_61' title='bbox 287 1086 396 1143; x_wconf 84' lang='lat' dir='ltr'>honore</span> <span class='ocrx_word' id='word_1_62' title='bbox 404 1096 433 1142; x_wconf 91' lang='lat' dir='ltr'>et</span> <span class='ocrx_word' id='word_1_63' title='bbox 443 1087 527 1160; x_wconf 87' lang='lat' dir='ltr'>quasi</span> <span class='ocrx_word' id='word_1_64' title='bbox 540 1087 669 1157; x_wconf 90' lang='lat' dir='ltr'>pollutus</span> <span class='ocrx_word' id='word_1_65' title='bbox 681 1083 844 1138; x_wconf 83' lang='lat' dir='ltr'>haberetur.</span> 
     </span>
     <span class='ocr_line' id='line_1_11' title="bbox 72 1161 847 1240; baseline -0.009 -20"><span class='ocrx_word' id='word_1_66' title='bbox 72 1163 75 1168; x_wconf 79' lang='grc'><strong>’</strong></span> <span class='ocrx_word' id='word_1_67' title='bbox 134 1165 183 1220; x_wconf 91' lang='lat' dir='ltr'>Ab</span> <span class='ocrx_word' id='word_1_68' title='bbox 193 1163 444 1236; x_wconf 87' lang='lat' dir='ltr'>Metello‚petendi</span> <span class='ocrx_word' id='word_1_69' title='bbox 456 1161 737 1240; x_wconf 74' lang='lat' dir='ltr'>gratii,missionem</span> <span class='ocrx_word' id='word_1_70' title='bbox 746 1166 847 1232; x_wconf 79' lang='lat' dir='ltr'>rogat:</span> 
     </span>
     <span class='ocr_line' id='line_1_12' title="bbox 102 1239 847 1318; baseline -0.012 -18"><span class='ocrx_word' id='word_1_71' title='bbox 102 1240 164 1308; x_wconf 88' lang='lat' dir='ltr'>eui,</span> <span class='ocrx_word' id='word_1_72' title='bbox 176 1241 357 1317; x_wconf 63' lang='lat' dir='ltr'>quamquem</span> <span class='ocrx_word' id='word_1_73' title='bbox 378 1242 482 1311; x_wconf 79' lang='lat' dir='ltr'>virtus,</span> <span class='ocrx_word' id='word_1_74' title='bbox 503 1243 605 1318; x_wconf 86' lang='lat' dir='ltr'>gloria,</span> <span class='ocrx_word' id='word_1_75' title='bbox 625 1252 712 1314; x_wconf 89' lang='lat' dir='ltr'>atque</span> <span class='ocrx_word' id='word_1_76' title='bbox 725 1239 780 1294; x_wconf 88' lang='lat' dir='ltr'>alia</span> <span class='ocrx_word' id='word_1_77' title='bbox 793 1253 847 1310; x_wconf 86' lang='lat' dir='ltr'>op-</span> 
     </span>
     <span class='ocr_line' id='line_1_13' title="bbox 102 1319 844 1397; baseline -0.009 -19"><span class='ocrx_word' id='word_1_78' title='bbox 102 1319 191 1378; x_wconf 80' lang='lat' dir='ltr'>tanda</span> <span class='ocrx_word' id='word_1_79' title='bbox 202 1321 285 1378; x_wconf 86' lang='lat' dir='ltr'>bonis</span> <span class='ocrx_word' id='word_1_80' title='bbox 292 1322 476 1397; x_wconf 83' lang='lat' dir='ltr'>superabant,</span> <span class='ocrx_word' id='word_1_81' title='bbox 483 1331 582 1379; x_wconf 85' lang='lat' dir='ltr'>tamen</span> <span class='ocrx_word' id='word_1_82' title='bbox 590 1321 684 1379; x_wconf 86' lang='lat' dir='ltr'>inerat</span> <span class='ocrx_word' id='word_1_83' title='bbox 694 1326 844 1388; x_wconf 84' lang='lat' dir='ltr'>contemp·</span> 
     </span>
     <span class='ocr_line' id='line_1_14' title="bbox 103 1391 846 1475; baseline -0.008 -19"><span class='ocrx_word' id='word_1_84' title='bbox 103 1405 151 1456; x_wconf 86' lang='lat' dir='ltr'>tor</span> <span class='ocrx_word' id='word_1_85' title='bbox 163 1399 277 1466; x_wconf 83' lang='lat' dir='ltr'>animus</span> <span class='ocrx_word' id='word_1_86' title='bbox 297 1410 327 1458; x_wconf 88' lang='lat' dir='ltr'>et</span> <span class='ocrx_word' id='word_1_87' title='bbox 346 1398 489 1475; x_wconf 84' lang='lat' dir='ltr'>superbia,</span> <span class='ocrx_word' id='word_1_88' title='bbox 509 1395 671 1461; x_wconf 84' lang='lat' dir='ltr'>commuue</span> <span class='ocrx_word' id='word_1_89' title='bbox 689 1391 846 1453; x_wconf 88' lang='lat' dir='ltr'>nobilitatis</span> 
     </span>
     <span class='ocr_line' id='line_1_15' title="bbox 102 1471 846 1553; baseline -0.008 -19"><span class='ocrx_word' id='word_1_90' title='bbox 102 1477 226 1544; x_wconf 72' lang='lat' dir='ltr'>malurn,</span> <span class='ocrx_word' id='word_1_91' title='bbox 259 1478 358 1553; x_wconf 76' lang='lat' dir='ltr'>ltaque</span> <span class='ocrx_word' id='word_1_92' title='bbox 385 1477 517 1552; x_wconf 73' lang='lat' dir='ltr'>primum</span> <span class='ocrx_word' id='word_1_93' title='bbox 539 1487 708 1536; x_wconf 87' lang='lat' dir='ltr'>commotus</span> <span class='ocrx_word' id='word_1_94' title='bbox 730 1471 846 1531; x_wconf 69' lang='lat' dir='ltr'>insoliti</span> 
     </span>
     <span class='ocr_line' id='line_1_16' title="bbox 104 1549 846 1644; baseline -0.009 -32"><span class='ocrx_word' id='word_1_95' title='bbox 104 1572 149 1644; x_wconf 72' lang='lat' dir='ltr'>re,</span> <span class='ocrx_word' id='word_1_96' title='bbox 162 1553 262 1614; x_wconf 88' lang='lat' dir='ltr'>mirari</span> <span class='ocrx_word' id='word_1_97' title='bbox 277 1556 341 1634; x_wconf 87' lang='lat' dir='ltr'>ejus</span> <span class='ocrx_word' id='word_1_98' title='bbox 360 1557 517 1615; x_wconf 88' lang='lat' dir='ltr'>consilium</span> <span class='ocrx_word' id='word_1_99' title='bbox 528 1567 560 1614; x_wconf 90' lang='lat' dir='ltr'>et</span> <span class='ocrx_word' id='word_1_100' title='bbox 579 1555 662 1630; x_wconf 85' lang='lat' dir='ltr'>quasi</span> <span class='ocrx_word' id='word_1_101' title='bbox 675 1571 730 1627; x_wconf 88' lang='lat' dir='ltr'>per</span> <span class='ocrx_word' id='word_1_102' title='bbox 743 1549 846 1610; x_wconf 89' lang='lat' dir='ltr'>amici·</span> 
     </span>
     <span class='ocr_line' id='line_1_17' title="bbox 104 1631 847 1712; baseline -0.011 -20"><span class='ocrx_word' id='word_1_103' title='bbox 104 1643 178 1692; x_wconf 77' lang='lat' dir='ltr'>tram</span> <span class='ocrx_word' id='word_1_104' title='bbox 191 1653 320 1704; x_wconf 90' lang='lat' dir='ltr'>monere,</span> <span class='ocrx_word' id='word_1_105' title='bbox 334 1653 371 1712; x_wconf 80' lang='lat' dir='ltr'>ne</span> <span class='ocrx_word' id='word_1_106' title='bbox 384 1639 446 1694; x_wconf 74' lang='lat' dir='ltr'>tam</span> <span class='ocrx_word' id='word_1_107' title='bbox 459 1651 548 1707; x_wconf 81' lang='lat' dir='ltr'>prava</span> <span class='ocrx_word' id='word_1_108' title='bbox 560 1631 713 1706; x_wconf 86' lang='lat' dir='ltr'>inciperet,</span> <span class='ocrx_word' id='word_1_109' title='bbox 725 1647 783 1687; x_wconf 90' lang='lat' dir='ltr'>neu</span> <span class='ocrx_word' id='word_1_110' title='bbox 798 1646 847 1685; x_wconf 87' lang='lat' dir='ltr'>su·</span> 
     </span>
     <span class='ocr_line' id='line_1_18' title="bbox 104 1706 848 1787; baseline -0.011 -18"><span class='ocrx_word' id='word_1_111' title='bbox 104 1727 159 1787; x_wconf 84' lang='lat' dir='ltr'>per</span> <span class='ocrx_word' id='word_1_112' title='bbox 179 1712 323 1772; x_wconf 84' lang='lat' dir='ltr'>fortunam</span> <span class='ocrx_word' id='word_1_113' title='bbox 347 1713 491 1783; x_wconf 74' lang='lat' dir='ltr'>animum,</span> <span class='ocrx_word' id='word_1_114' title='bbox 513 1710 647 1787; x_wconf 86' lang='lat' dir='ltr'>gereret;</span> <span class='ocrx_word' id='word_1_115' title='bbox 668 1727 727 1766; x_wconf 90' lang='lat' dir='ltr'>non</span> <span class='ocrx_word' id='word_1_116' title='bbox 749 1706 848 1766; x_wconf 87' lang='lat' dir='ltr'>omnia</span> 
     </span>
     <span class='ocr_line' id='line_1_19' title="bbox 89 1787 847 1868; baseline -0.012 -20"><span class='ocrx_word' id='word_1_117' title='bbox 89 1790 242 1850; x_wconf 44' lang='lat' dir='ltr'>*omnibus</span> <span class='ocrx_word' id='word_1_118' title='bbox 262 1793 404 1868; x_wconf 87' lang='lat' dir='ltr'>cupienda</span> <span class='ocrx_word' id='word_1_119' title='bbox 424 1811 507 1860; x_wconf 87' lang='lat' dir='ltr'>esse;</span> <span class='ocrx_word' id='word_1_120' title='bbox 530 1792 634 1846; x_wconf 88' lang='lat' dir='ltr'>debere</span> <span class='ocrx_word' id='word_1_121' title='bbox 648 1787 689 1847; x_wconf 91' lang='lat' dir='ltr'>illi</span> <span class='ocrx_word' id='word_1_122' title='bbox 711 1804 757 1842; x_wconf 88' lang='lat' dir='ltr'>res</span> <span class='ocrx_word' id='word_1_123' title='bbox 778 1802 847 1840; x_wconf 85' lang='lat' dir='ltr'>suas</span> 
     </span>
     <span class='ocr_line' id='line_1_20' title="bbox 106 1861 849 1945; baseline -0.009 -19"><span class='ocrx_word' id='word_1_124' title='bbox 106 1870 176 1926; x_wconf 81' lang='lat' dir='ltr'>satis</span> <span class='ocrx_word' id='word_1_125' title='bbox 187 1872 303 1944; x_wconf 87' lang='lat' dir='ltr'>placere</span> <span class='ocrx_word' id='word_1_126' title='bbox 314 1893 321 1939; x_wconf 90' lang='lat'>;</span> <span class='ocrx_word' id='word_1_127' title='bbox 334 1869 483 1945; x_wconf 77' lang='lat' dir='ltr'>postremo</span> <span class='ocrx_word' id='word_1_128' title='bbox 492 1876 610 1926; x_wconf 89' lang='lat' dir='ltr'>caveret</span> <span class='ocrx_word' id='word_1_129' title='bbox 622 1867 652 1924; x_wconf 90' lang='lat' dir='ltr'>id</span> <span class='ocrx_word' id='word_1_130' title='bbox 664 1876 765 1938; x_wconf 90' lang='lat' dir='ltr'>petere</span> <span class='ocrx_word' id='word_1_131' title='bbox 774 1861 790 1919; x_wconf 78' lang='lat' dir='ltr'>ai</span> <span class='ocrx_word' id='word_1_132' title='bbox 799 1881 849 1938; x_wconf 90' lang='lat' dir='ltr'>po·</span> 
     </span>
     <span class='ocr_line' id='line_1_21' title="bbox 105 1944 849 2024; baseline -0.008 -22"><span class='ocrx_word' id='word_1_133' title='bbox 105 1949 178 2022; x_wconf 88' lang='lat' dir='ltr'>pulo</span> <span class='ocrx_word' id='word_1_134' title='bbox 188 1965 318 2018; x_wconf 84' lang='lat' dir='ltr'>romano,</span> <span class='ocrx_word' id='word_1_135' title='bbox 331 1951 409 2024; x_wconf 90' lang='lat' dir='ltr'>quod</span> <span class='ocrx_word' id='word_1_136' title='bbox 421 1947 464 2006; x_wconf 91' lang='lat' dir='ltr'>illi</span> <span class='ocrx_word' id='word_1_137' title='bbox 482 1947 548 2023; x_wconf 86' lang='lat' dir='ltr'>jure</span> <span class='ocrx_word' id='word_1_138' title='bbox 561 1954 726 2022; x_wconf 86' lang='lat' dir='ltr'>negaretur.</span> <span class='ocrx_word' id='word_1_139' title='bbox 767 1944 849 2000; x_wconf 91' lang='lat' dir='ltr'>Post-</span> 
     </span>
     <span class='ocr_line' id='line_1_22' title="bbox 106 2021 848 2102; baseline -0.009 -18"><span class='ocrx_word' id='word_1_140' title='bbox 106 2028 195 2098; x_wconf 70' lang='lat' dir='ltr'>quam</span> <span class='ocrx_word' id='word_1_141' title='bbox 210 2026 275 2085; x_wconf 62' lang='lat' dir='ltr'>haic</span> <span class='ocrx_word' id='word_1_142' title='bbox 290 2041 376 2102; x_wconf 91' lang='lat' dir='ltr'>atque</span> <span class='ocrx_word' id='word_1_143' title='bbox 389 2029 444 2086; x_wconf 84' lang='lat' dir='ltr'>alia</span> <span class='ocrx_word' id='word_1_144' title='bbox 453 2027 521 2086; x_wconf 86' lang='lat' dir='ltr'>talia</span> <span class='ocrx_word' id='word_1_145' title='bbox 532 2024 617 2094; x_wconf 83' lang='lat' dir='ltr'>dixit,</span> <span class='ocrx_word' id='word_1_146' title='bbox 624 2041 719 2098; x_wconf 85' lang='lat' dir='ltr'>neque</span> <span class='ocrx_word' id='word_1_147' title='bbox 733 2021 848 2080; x_wconf 89' lang='lat' dir='ltr'>animus</span> 
     </span>
     <span class='ocr_line' id='line_1_23' title="bbox 107 2100 850 2180; baseline -0.015 -14"><span class='ocrx_word' id='word_1_148' title='bbox 107 2101 198 2166; x_wconf 83' lang='lat' dir='ltr'>Marii</span> <span class='ocrx_word' id='word_1_149' title='bbox 211 2103 355 2173; x_wconf 76' lang='lat' dir='ltr'>flectitur3</span> <span class='ocrx_word' id='word_1_150' title='bbox 367 2105 527 2180; x_wconf 82' lang='lat' dir='ltr'>respondit,</span> <span class='ocrx_word' id='word_1_151' title='bbox 536 2101 586 2161; x_wconf 90' lang='lat' dir='ltr'>ubi</span> <span class='ocrx_word' id='word_1_152' title='bbox 599 2104 729 2178; x_wconf 88' lang='lat' dir='ltr'>primurn</span> <span class='ocrx_word' id='word_1_153' title='bbox 739 2100 850 2174; x_wconf 89' lang='lat' dir='ltr'>potuis·</span> 
     </span>
     <span class='ocr_line' id='line_1_24' title="bbox 108 2183 848 2262; baseline -0.004 -23"><span class='ocrx_word' id='word_1_154' title='bbox 108 2194 152 2240; x_wconf 90' lang='lat' dir='ltr'>set</span> <span class='ocrx_word' id='word_1_155' title='bbox 177 2200 231 2257; x_wconf 86' lang='lat' dir='ltr'>per</span> <span class='ocrx_word' id='word_1_156' title='bbox 249 2189 368 2262; x_wconf 80' lang='lat' dir='ltr'>negotia</span> <span class='ocrx_word' id='word_1_157' title='bbox 386 2185 511 2258; x_wconf 87' lang='lat' dir='ltr'>publica,</span> <span class='ocrx_word' id='word_1_158' title='bbox 530 2183 674 2240; x_wconf 87' lang='lat' dir='ltr'>facturum</span> <span class='ocrx_word' id='word_1_159' title='bbox 696 2200 761 2238; x_wconf 88' lang='lat' dir='ltr'>sese</span> <span class='ocrx_word' id='word_1_160' title='bbox 781 2197 848 2253; x_wconf 86' lang='lat' dir='ltr'>quae</span> 
     </span>
     <span class='ocr_line' id='line_1_25' title="bbox 107 2255 850 2337; baseline -0.007 -19"><span class='ocrx_word' id='word_1_161' title='bbox 107 2271 228 2336; x_wconf 87' lang='lat' dir='ltr'>peteret.</span> <span class='ocrx_word' id='word_1_162' title='bbox 261 2265 308 2322; x_wconf 82' lang='lat' dir='ltr'>Ac</span> <span class='ocrx_word' id='word_1_163' title='bbox 321 2268 423 2336; x_wconf 72' lang='lat' dir='ltr'>postea</span> <span class='ocrx_word' id='word_1_164' title='bbox 437 2261 548 2337; x_wconf 76' lang='lat' dir='ltr'>saepius</span> <span class='ocrx_word' id='word_1_165' title='bbox 567 2262 671 2318; x_wconf 89' lang='lat' dir='ltr'>eadem</span> <span class='ocrx_word' id='word_1_166' title='bbox 691 2255 850 2333; x_wconf 86' lang='lat' dir='ltr'>postulanti</span> 
     </span>
     <span class='ocr_line' id='line_1_26' title="bbox 107 2333 850 2412; baseline -0.008 -13"><span class='ocrx_word' id='word_1_167' title='bbox 107 2338 201 2399; x_wconf 84' lang='lat' dir='ltr'>fertur.</span> <span class='ocrx_word' id='word_1_168' title='bbox 220 2333 342 2412; x_wconf 84' lang='lat' dir='ltr'>dixisse,</span> <span class='ocrx_word' id='word_1_169' title='bbox 353 2335 555 2402; x_wconf 75' lang='lat' dir='ltr'>nciestinaret</span> <span class='ocrx_word' id='word_1_170' title='bbox 578 2339 676 2405; x_wconf 83' lang='lat' dir='ltr'>abire;</span> <span class='ocrx_word' id='word_1_171' title='bbox 700 2337 771 2395; x_wconf 88' lang='lat' dir='ltr'>satis</span> <span class='ocrx_word' id='word_1_172' title='bbox 786 2356 850 2393; x_wconf 84' lang='lat' dir='ltr'>ma·</span> 
     </span>
     <span class='ocr_line' id='line_1_27' title="bbox 108 2415 848 2489; baseline -0.009 -13"><span class='ocrx_word' id='word_1_173' title='bbox 108 2418 184 2476; x_wconf 74' lang='lat' dir='ltr'>ture.</span> <span class='ocrx_word' id='word_1_174' title='bbox 197 2420 281 2478; x_wconf 88' lang='lat' dir='ltr'>illum</span> <span class='ocrx_word' id='word_1_175' title='bbox 297 2440 366 2479; x_wconf 88' lang='lat' dir='ltr'>curn</span> <span class='ocrx_word' id='word_1_176' title='bbox 385 2421 517 2480; x_wconf 91' lang='lat' dir='ltr'>filiosuo</span> <span class='ocrx_word' id='word_1_177' title='bbox 536 2420 721 2474; x_wconf 88' lang='lat' dir='ltr'>consulatum</span> <span class='ocrx_word' id='word_1_178' title='bbox 742 2415 848 2489; x_wconf 88' lang='lat' dir='ltr'>petitu-</span> 
     </span>
     <span class='ocr_line' id='line_1_28' title="bbox 109 2490 851 2574; baseline -0.012 -17"><span class='ocrx_word' id='word_1_179' title='bbox 109 2515 186 2562; x_wconf 76' lang='lat' dir='ltr'>rum.</span> <span class='ocrx_word' id='word_1_180' title='bbox 208 2501 239 2556; x_wconf 79' lang='lat' dir='ltr'>Is</span> <span class='ocrx_word' id='word_1_181' title='bbox 252 2518 288 2556; x_wconf 89' lang='lat' dir='ltr'>eo</span> <span class='ocrx_word' id='word_1_182' title='bbox 301 2499 481 2574; x_wconf 86' lang='lat' dir='ltr'>temporein</span> <span class='ocrx_word' id='word_1_183' title='bbox 494 2497 686 2555; x_wconf 88' lang='lat' dir='ltr'>coutubernio</span> <span class='ocrx_word' id='word_1_184' title='bbox 695 2492 787 2569; x_wconf 83' lang='lat' dir='ltr'>patris</span> <span class='ocrx_word' id='word_1_185' title='bbox 800 2490 851 2548; x_wconf 85' lang='lat' dir='ltr'>ibi-</span> 
     </span>
     <span class='ocr_line' id='line_1_29' title="bbox 100 2572 850 2658; baseline -0.012 -24"><span class='ocrx_word' id='word_1_186' title='bbox 100 2575 179 2658; x_wconf 68' lang='lat' dir='ltr'>¹elem</span> <span class='ocrx_word' id='word_1_187' title='bbox 199 2577 349 2648; x_wconf 81' lang='lat' dir='ltr'>militabat,</span> <span class='ocrx_word' id='word_1_188' title='bbox 362 2597 453 2636; x_wconf 86' lang='lat' dir='ltr'>annos</span> <span class='ocrx_word' id='word_1_189' title='bbox 465 2586 551 2632; x_wconf 89' lang='lat' dir='ltr'>natus</span> <span class='ocrx_word' id='word_1_190' title='bbox 564 2574 680 2633; x_wconf 88' lang='lat' dir='ltr'>circiter</span> <span class='ocrx_word' id='word_1_191' title='bbox 693 2591 744 2628; x_wconf 81' lang='lat' dir='ltr'>xx.</span> <span class='ocrx_word' id='word_1_192' title='bbox 775 2572 850 2640; x_wconf 85' lang='lat' dir='ltr'>Quae</span> 
     </span>
     <span class='ocr_line' id='line_1_30' title="bbox 111 2650 852 2729; baseline -0.007 -18"><span class='ocrx_word' id='word_1_193' title='bbox 111 2673 160 2712; x_wconf 86' lang='lat' dir='ltr'>res</span> <span class='ocrx_word' id='word_1_194' title='bbox 173 2651 313 2721; x_wconf 78' lang='lat' dir='ltr'>Marium,</span> <span class='ocrx_word' id='word_1_195' title='bbox 326 2655 458 2729; x_wconf 75' lang='lat' dir='ltr'>cumpro</span> <span class='ocrx_word' id='word_1_196' title='bbox 472 2657 580 2711; x_wconf 84' lang='lat' dir='ltr'>honore</span> <span class='ocrx_word' id='word_1_197' title='bbox 593 2670 683 2726; x_wconf 91' lang='lat' dir='ltr'>quem</span> <span class='ocrx_word' id='word_1_198' title='bbox 692 2650 852 2716; x_wconf 84' lang='lat' dir='ltr'>affectabat,</span> 
     </span>
     <span class='ocr_line' id='line_1_31' title="bbox 111 2727 897 2801; baseline -0.01 -13"><span class='ocrx_word' id='word_1_199' title='bbox 111 2731 177 2790; x_wconf 78' lang='lat' dir='ltr'>tum</span> <span class='ocrx_word' id='word_1_200' title='bbox 186 2745 287 2792; x_wconf 90' lang='lat' dir='ltr'>contra</span> <span class='ocrx_word' id='word_1_201' title='bbox 297 2737 462 2801; x_wconf 82' lang='lat' dir='ltr'>Metellum,</span> <span class='ocrx_word' id='word_1_202' title='bbox 471 2734 661 2788; x_wconf 86' lang='lat' dir='ltr'>vehementer</span> <span class='ocrx_word' id='word_1_203' title='bbox 672 2727 851 2784; x_wconf 86' lang='lat' dir='ltr'>accenderat.</span> <span class='ocrx_word' id='word_1_204' title='bbox 894 2784 897 2788; x_wconf 66' lang='grc'><strong>,</strong></span> 
     </span>
     <span class='ocr_line' id='line_1_32' title="bbox 112 2804 851 2896; baseline -0.023 -17"><span class='ocrx_word' id='word_1_205' title='bbox 112 2812 315 2896; x_wconf 52' lang='grc' dir='ltr'>ᾎῒεῑῑουρίἀὶηε</span> <span class='ocrx_word' id='word_1_206' title='bbox 334 2823 423 2890; x_wconf 81' lang='lat' dir='ltr'>atque</span> <span class='ocrx_word' id='word_1_207' title='bbox 446 2805 658 2885; x_wconf 70' lang='lat' dir='ltr'>iri‚,1tessimis</span> <span class='ocrx_word' id='word_1_208' title='bbox 677 2804 851 2863; x_wconf 76' lang='lat' dir='ltr'>consultori·</span> 
     </span>
    </p>
   </div>
   <div class='ocr_carea' id='block_1_3' title="bbox 0 0 960 3267">
    <p class='ocr_par' dir='ltr' id='par_1_3' title="bbox 0 0 960 3267">
     <span class='ocr_line' id='line_1_33' title="bbox 0 0 960 3267; baseline 0 0"><span class='ocrx_word' id='word_1_209' title='bbox 0 0 960 3267; x_wconf 95' lang='lat' dir='ltr'> </span> 
     </span>
    </p>
   </div>
  </div>
 </body>
</html>
