1875 3267
333 274 546 330 '.43·

95 434 154 475 nec
169 416 238 474 satis
256 423 425 490 compotem
447 417 556 474 mentis
568 414 599 475 in
615 420 839 477 tabernaculum

93 494 238 554 deferunt
259 496 368 570 Ingens
382 493 557 566 sollicitudo,
569 507 598 554 et
611 496 686 571 pene
698 498 763 575 jam
777 499 839 556 luc-

98 584 160 643 tus,
172 572 204 629 in
224 572 327 631 castris
338 582 410 631 erat.
450 574 569 632 Flentes
589 578 797 650 querebantur,
810 574 841 633 in

94 662 177 710 tanto
186 651 300 725 impetu
309 667 459 728 cursuque
468 670 580 723 rerum,
588 653 685 711 omnis
695 654 790 713 aetatis
803 672 838 712 ac

95 729 251 789 memoriae
267 728 465 787 clarissimum
478 749 591 807 regem,
603 748 662 788 non
671 731 701 787 in
712 734 776 790 acie
786 734 843 789 sal·

93 819 171 879 tem,
182 826 240 865 non
254 810 289 865 ab
311 809 395 865 hoste
420 808 583 885 dejectum,
606 811 659 866 sed
674 810 842 869 abluentem

96 889 178 961 aqua
189 902 308 961 corpus,
322 896 457 960 ereptum
472 906 537 948 esse
548 899 578 944 et
588 887 752 947 extinctum
767 910 775 944 r
798 889 842 945 in·

96 977 176 1023 stare
186 964 322 1032 Darium,
331 963 472 1021 victorem
481 964 764 1040 antequamvidisset
774 968 843 1024 hos·

96 1055 186 1101 tem:
208 1042 262 1099 sibi
284 1044 404 1099 easdem
416 1054 510 1101 terras
524 1062 597 1119 quas
610 1044 738 1102 uictores
757 1061 842 1118 pera-

98 1124 235 1198 grassent
244 1122 418 1200 repetendas
431 1144 439 1189 ;
453 1121 551 1180 omnia
563 1134 615 1180 aut
624 1123 704 1197 ipsos
718 1125 843 1180 autbns-
874 1168 880 1177 ,

97 1212 145 1259 tes
157 1202 310 1275 populatos
324 1220 335 1264 ·,
353 1216 409 1273 per
421 1209 517 1256 vastas
535 1201 717 1272 solitudines,
726 1201 843 1258 etiamsi

97 1297 190 1336 nemo
203 1276 412 1353 insequi-uelit,
426 1289 540 1349 euntes,
553 1278 633 1337 fame
645 1288 734 1353 atque
745 1278 843 1351 inopiis

98 1354 237 1415 debellari
247 1374 352 1431 posse:
374 1374 466 1431 quem
482 1356 603 1433 signum
613 1359 752 1418 daturum
765 1358 843 1433 fngi-

97 1432 335 1509 entibusiquem
343 1453 484 1493 ausurum
492 1437 661 1494 Alexandro
669 1435 842 1494 succedere?
926 1491 929 1495 .

97 1514 162 1590 jam
181 1522 212 1569 ut
234 1514 271 1570 ad
294 1515 523 1588 Hellespontum
545 1514 618 1589 fuga
643 1524 844 1590 penetrarent,

101 1592 224 1653 classem
236 1594 295 1665 qual
314 1602 461 1649 transeant
475 1611 566 1665 quem
578 1604 815 1667 praeparaturum
830 1589 842 1642 ἲ

102 1666 219 1729 Rursus
236 1670 266 1726 in
289 1670 388 1742 ipsum
407 1687 512 1745 regem
525 1670 727 1728 misericordia
747 1673 853 1748 versa,

102 1749 187 1817 illum
201 1748 304 1819 florem
315 1748 458 1825 juventae,
471 1746 555 1803 illam
566 1745 629 1804 vim
647 1747 747 1814 animi,
761 1766 844 1804 eum·

100 1828 171 1885 dem
196 1844 299 1901 regem
318 1835 349 1882 et
370 1824 614 1890 commilitonem,
626 1824 727 1884 divelli
740 1823 758 1881 a
771 1844 802 1883 se
815 1835 845 1882 et

99 1904 194 1979 abripi
208 1904 402 1961 immemores
416 1903 462 1959 sui
477 1904 680 1977 querebantur.

142 1986 224 2040 lnter
237 1984 302 2039 baec
316 1980 436 2039 liberius
447 2000 546 2038 meare
560 1980 680 2056 spiritus
693 1993 822 2057 coeperat
837 2003 846 2049 3

86 2062 242 2121 'allevabat
268 2080 322 2117 rex
349 2064 461 2129 oculos,
491 2070 521 2117 et
538 2057 680 2133 paulatim
702 2063 844 2121 redeunte

100 2139 201 2197 animo
211 2139 437 2197 circumstantes
446 2139 556 2195 amicos
564 2151 725 2215 agnoverat
737 2160 746 2209 ;
763 2143 846 2197 laxa·

99 2232 189 2293 taque
202 2218 246 2273 vis
259 2217 354 2274 morbi
364 2218 400 2274 ad
413 2220 468 2273 hoc
484 2218 581 2273 solum
594 2216 752 2287 videbatur,
775 2218 845 2292 quia

99 2293 339 2371 magnitudinem
351 2296 421 2353 mali
443 2293 595 2351 sentiebat.
625 2293 844 2355 Animi'autem

102 2375 251 2451 aegritudo
274 2391 383 2447 corpus
402 2375 549 2449 urgebat3
577 2373 685 2448 quippe
716 2373 845 2433 Darium

101 2453 208 2527 quinto
221 2452 269 2509 die
281 2451 312 2511 in
325 2450 460 2510 Ciliciam
474 2448 536 2508 fore
548 2453 752 2511 nuntiabatur:
767 2452 846 2511 vinc·
907 2502 914 2509 .

100 2543 167 2589 tum
181 2548 255 2605 ergo
275 2549 306 2587 se
329 2528 413 2603 tradi,
427 2542 456 2587 et
475 2536 586 2587 tantam
606 2530 757 2589 victoriam
771 2530 845 2603 eripi

103 2606 188 2666 sibit
202 2608 349 2677 manibus,
362 2610 544 2680 obscuraque
564 2618 595 2664 et
613 2607 734 2683 ignobili
747 2615 845 2664 morte

101 2690 132 2745 in
152 2689 340 2745 tabernaculo
360 2682 413 2743 suo*
435 2685 585 2759 exstingui
606 2703 639 2741 se
659 2687 845 2757 querebatur.
929 2741 930 2754 χ

105 2764 328 2840 Admissisque
343 2764 448 2823 amicis
460 2763 571 2838 pariter
596 2772 627 2818 et
646 2760 794 2818 medicis:
816 2760 848 2815 in
