1875 3267
481 276 545 335 208

137 420 210 481 their
222 420 464 486 emensio-They
475 418 611 471 therefore
623 434 685 473 soon
697 420 820 473 renewod
829 422 867 473 the

138 503 193 537 war
222 490 251 535 ln
262 487 315 536 this
324 502 378 536 war
385 504 425 537 we
434 504 479 538 are
490 488 548 541 first
557 488 635 537 made
649 489 807 555 acquainted
815 490 868 539 wilh

140 553 281 613 Hannibal,
290 569 338 627 nne
348 552 380 603 of
387 556 433 605 the
441 562 562 620 greatest
574 556 693 621 captains
702 554 736 605 oi
743 554 867 621 antiqnity.

176 734 292 793 Missus
304 735 470 796 Annibalin
482 734 667 809 Hispaniam,
674 736 776 811 primo
785 736 870 794 statim

137 808 262 873 adierim
280 832 403 873 omnem
418 816 584 874 exercitum
611 814 642 871 in
669 832 701 873 se
731 815 871 873 convertit.

137 891 487 953 Amilcaremviventem
514 894 662 952 redditum
689 893 746 951 sibi
769 904 871 951 veteres

135 969 249 1030 milites
260 972 403 1041 credere;
426 974 556 1031 eundem
580 973 717 1047 vigorem
739 971 769 1031 in
793 974 871 1041 vultu,

137 1048 258 1125 vimque
270 1049 301 1107 in
313 1050 415 1119 oculis,
425 1051 554 1110 habitum
563 1048 633 1118 oris,
645 1051 871 1125 lineamentaque

136 1127 255 1189 intueri.
295 1129 375 1187 Dein
403 1128 487 1189 brevi
513 1128 620 1197 effecit,
642 1141 675 1189 ut
695 1142 783 1205 peter
799 1130 827 1186 in
846 1149 871 1187 se

136 1206 300 1268 minimum
312 1219 541 1268 monumentum
554 1210 589 1267 ad
602 1208 739 1268 favorem
766 1208 871 1267 concili·

137 1288 249 1348 sadum
261 1297 348 1346 esset.
388 1284 555 1363 Nunquzim
569 1288 726 1363 ingenium
746 1288 824 1346 idem
843 1288 871 1344 ad

137 1383 189 1423 res
203 1364 429 1436 diversissimas,
451 1367 616 1440 parendum
630 1377 719 1443 atque
733 1366 871 1441 imperau-

136 1445 220 1512 dum,
230 1442 354 1501 habilius
367 1444 431 1503 luit.
473 1443 577 1519 Itaque
590 1447 668 1503 haud
680 1444 769 1505 facile
781 1446 872 1503 decer·
913 1484 914 1487 η

135 1540 233 1590 neres,
245 1532 345 1580 utrum
358 1523 538 1600 imperatori,
559 1541 596 1581 an
617 1524 767 1589 exercitui
790 1523 872 1581 carior
913 1542 914 1551 ¹

138 1612 240 1660 esset:
269 1615 367 1676 neque
401 1603 547 1662 Asdrubal
580 1604 671 1662 alium
697 1620 870 1678 quemquam

35 1688 40 1695 ’
136 1681 282 1757 preficere
303 1683 400 1751 malle,
417 1682 466 1740 ubi
490 1682 561 1757 quid
574 1678 689 1740 fortiter
708 1702 744 1741 ac
766 1678 870 1738 strenue

137 1762 287 1834 agendum
300 1772 379 1818 esset
393 1781 402 1816 r
421 1758 642 1836 nequemilites
655 1762 712 1819 alio
724 1763 801 1819 duce
814 1762 870 1834 plus

65 1872 71 1881 ·
137 1838 295 1907 confidere,
321 1850 371 1897 aut
396 1843 512 1898 audere·
565 1838 733 1897 Plurimum
749 1838 869 1897 audacis
912 1872 913 1883 κ

137 1919 175 1974 ad
186 1916 319 1989 pericula
330 1920 519 1994 capessenda,
531 1915 695 1993 plurimun
710 1916 824 1978 consilii
834 1914 870 1973 in·

137 2007 183 2053 ter
194 1994 259 2071 ipsa
271 1994 402 2069 pericula
416 2007 486 2055 erat.
527 1999 618 2054 Nullo
635 1999 733 2057 labore
756 2008 804 2055 aut
816 2013 870 2053 cor·

136 2091 194 2151 pus
202 2072 329 2149 fatigari.
340 2086 391 2133 aut
403 2076 519 2134 animus
532 2075 611 2133 vinci
624 2086 745 2149 poterat
767 2074 870 2134 Caloris

137 2170 172 2212 ac
198 2151 319 2229 frigoris
331 2153 472 2228 patientia
497 2172 573 2229 pare
614 2155 671 2213 cibi
693 2153 868 2231 potionisque

137 2229 285 2290 desiderio
293 2233 428 2302 naturali,
449 2250 509 2291 non
528 2236 677 2309 voluptate
695 2236 801 2293 modus
814 2231 869 2289 fini·

137 2320 205 2366 tus:
227 2310 396 2386 vigiliarum
409 2312 563 2386 somnique
576 2330 631 2370 nec
644 2312 701 2382 die,
718 2332 774 2371 nec
792 2322 868 2368 nnete

135 2385 489 2465 discriminatatempora.
518 2392 643 2467 idquod
669 2389 807 2469 gerendis
828 2407 867 2445 re-

133 2469 190 2526 bus
200 2480 375 2543 superesset,
385 2470 478 2545 quieti
491 2473 593 2529 datum
606 2492 613 2529 s
637 2490 672 2529 ea
683 2470 780 2546 neque
790 2466 866 2527 molli

134 2557 235 2617 strato,
246 2566 344 2623 neque
365 2549 477 2609 silentio
499 2550 646 2608 arcessita.
697 2550 787 2607 Multi
801 2543 866 2620 sepe

135 2624 254 2687 militari
275 2630 377 2703 sagulo
390 2639 525 2701 opertum
539 2630 625 2687 humi
635 2628 783 2707 jacentem
797 2629 865 2686 inter

136 2707 292 2774 custodias,
305 2708 637 2784 stationesquemilitum
647 2715 863 2783 conspexerunt.

134 2784 273 2846 Vestitus
280 2784 352 2846 nihil
360 2785 438 2847 inter
452 2789 580 2863 aequales
592 2788 738 2847 excellens
753 2808 761 2843 ε
791 2802 864 2851 urnis
