1875 3267
486 236 526 294 78

144 329 287 392 Rhosacis
306 347 428 386 manum
454 326 543 403 capiti
563 327 651 403 regis
671 327 885 388 imminentem

145 411 240 488 gladio
254 409 424 482 amputatvit
441 429 448 474 ;
464 419 548 464 vetus
561 405 691 481 Philippi
700 406 803 476 miles,
812 412 886 466 mul·

143 491 237 562 tisuue
263 486 373 545 bellicis
399 486 536 561 operibus
566 487 686 542 clarus:
721 487 885 553 Hellanice,

143 585 210 644 quae
224 567 428 624 Alexandrum
441 565 624 629 educaverat,
632 581 715 620 soror
723 564 804 641 ejus,
812 568 886 623 haud

144 643 230 704 secus
244 643 334 719 quim
354 653 449 702 mater
469 642 487 698 ai
514 661 584 717 rege
608 640 793 717 diligebatur.
842 648 886 702 Ob

145 727 198 781 has
212 741 314 780 causas
327 721 537 780 validissimam
558 720 675 794 imperii
688 733 809 794 partem
824 723 886 778 fidei
920 728 922 749 ¹

146 804 211 881 ejus
220 805 378 876 tutelaeque
387 799 545 856 commisit.
575 801 700 873 Jamque
713 799 771 858 iter
785 821 888 876 parare

146 883 176 940 in
202 892 353 958 posterum
372 879 486 954 jussus,
506 878 631 935 solemni
654 887 683 934 et
709 881 888 953 tempestivo

147 958 300 1018 adhibetur
309 957 458 1024 convivi03
479 957 585 1030 inquo
603 973 666 1023 rex,
686 971 780 1031 quum
795 960 888 1016 multo

146 1039 314 1096 incaluisset
331 1054 423 1105 mero,
443 1033 621 1092 immodicus
647 1035 812 1094 aestimator
838 1037 887 1097 sui.

147 1121 294 1176 celebrare
314 1133 383 1190 quae
411 1125 545 1190 gesserat
567 1113 663 1185 coepit,
677 1116 776 1189 gravis
800 1117 888 1172 etiam

148 1215 254 1254 eorum
267 1194 385 1252 auribus
398 1194 447 1268 qni
461 1192 624 1249 sentiebant
637 1211 708 1249 vera
716 1195 888 1252 memorari.

149 1274 307 1331 Silentium
340 1281 439 1329 tamen
466 1274 594 1328 habuere
629 1270 771 1340 seniores,
794 1276 886 1330 donec

151 1351 279 1426 Philippi
305 1368 354 1406 res
374 1369 460 1410 orsus
486 1353 627 1417 obterere,
659 1350 792 1408 nobilem
817 1352 890 1426 apud

150 1432 347 1487 Chaeroneam
360 1428 514 1484 victoriam
525 1428 572 1483 sui
586 1429 682 1502 operis
695 1429 788 1486 fuisse
801 1431 889 1507 jacta·

151 1509 202 1574 vit,
222 1509 448 1580 ademptamque
463 1507 517 1564 sibi
530 1507 713 1582 malignitate
737 1520 766 1583 et
779 1509 888 1565 invidia

152 1586 242 1662 patris
252 1595 338 1642 tantae
351 1585 393 1642 rei
402 1579 547 1660 gloflam:
569 1586 653 1642 illum
665 1586 798 1660 quidem,
820 1588 890 1646 sedi·

151 1666 230 1723 tione
239 1666 314 1722 inter
327 1663 505 1721 Macedones
513 1664 622 1721 milites
631 1674 660 1720 et
671 1665 799 1722 Graecos
815 1686 889 1724 mer·
921 1666 923 1739 l

154 1746 284 1803 senarios
305 1747 379 1807 orta,
409 1743 590 1801 debilitatum
618 1747 739 1800 vulnere
760 1749 843 1819 quod
865 1747 890 1800 iu

154 1827 190 1880 ea
204 1823 435 1881 consternatione
448 1833 609 1894 acceperat.
629 1821 766 1897 jacuisse,
783 1843 845 1882 non
864 1844 889 1879 a·

154 1903 209 1964 lias
229 1902 318 1976 quaint
342 1899 527 1958 simulatione
553 1901 655 1956 mortis
680 1899 841 1970 tutiorenr;
864 1922 890 1959 se

155 2001 262 2054 corpus
275 1980 340 2055 ejus
356 1979 518 2053 protexisse
528 1981 631 2052 clypco
642 1999 704 2045 sue,
714 1994 891 2055 ruentesque

156 2060 187 2116 in
200 2060 283 2116 illurn
296 2060 349 2114 suri
363 2075 454 2114 manu
462 2057 575 2113 occisos
587 2080 594 2123 ;
609 2077 675 2121 ouae
690 2071 809 2130 patrem
823 2079 891 2117 nun-

158 2139 249 2211 quam
265 2153 350 2208 aequo
364 2136 461 2192 animo
475 2155 539 2192 esse
561 2134 737 2203 confessum,
764 2137 891 2196 inuitum

158 2215 218 2272 filio
244 2215 397 2270 debentem
423 2217 547 2272 salutem
574 2234 680 2271 suam:
702 2215 802 2291 itaque
831 2232 892 2291 post

160 2292 375 2365 expeditionem
400 2311 488 2365 quam
515 2294 578 2350 sine
598 2313 634 2350 eo
655 2293 774 2352 fecisset
786 2296 853 2370 ipse
867 2297 892 2350 in

159 2371 285 2444 Illyrios,
304 2372 446 2431 victorem
459 2373 610 2444 scripsisse
623 2393 653 2429 se
667 2373 742 2446 patri
757 2374 842 2432 fusos
853 2375 895 2431 su-

160 2461 301 2526 gatosque
314 2452 411 2508 hostes
425 2467 480 2507 nec
500 2449 626 2508 adfuisse
640 2450 769 2525 unquam
786 2456 893 2527 Philip-

161 2547 252 2604 pum:
279 2531 362 2586 laude
376 2529 480 2604 dignos
501 2549 574 2599 esse,
583 2529 710 2603 ,nonqqui
726 2531 894 2590 Samothra·

162 2626 232 2668 cum
246 2605 328 2667 initia
339 2609 466 2666 viserent
479 2627 573 2684 quum
591 2609 695 2668 Asiam
708 2609 753 2666 uri
778 2613 892 2672 vastari·
