1875 3267
466 232 528 290 190

125 380 183 428 uhu
198 376 278 443 being
296 375 448 428 deseended
464 374 531 426 froin
553 372 599 424 the
618 373 870 434 Lscedaemonians,

124 459 194 493 were
203 444 309 492 werlike
321 444 373 494 and
381 442 485 508 jedous
495 440 528 491 of
534 440 605 495 their
615 442 725 505 liberty,
733 442 789 491 and
802 457 871 506 gave

124 519 151 559 tu
160 510 206 558 the
216 510 331 559 Romans
343 511 389 560 the
401 519 469 559 most
478 508 608 558 obstinate
620 509 781 557 resistente.
810 508 870 557 The

123 584 192 624 most
203 574 399 640 distinguished
411 584 453 625 act
464 572 497 624 of
503 574 573 625 their
581 586 634 625 war
643 589 698 623 was
707 574 770 623 that
784 573 869 623 which

122 640 185 689 took
204 642 281 704 place
299 651 327 691 at
346 641 468 692 Caudinae
488 640 632 691 Furculael.
647 643 742 689 Never
756 656 812 688 was
823 638 870 688 the

121 706 198 771 pride
205 706 239 756 of
240 708 286 757 the
294 710 409 757 Romans
415 723 486 757 more
496 706 689 757 humbledthan
696 715 724 754 at
731 706 792 755 thar
798 706 870 753 time.

159 793 234 852 Duae
248 796 283 851 ad
296 788 468 852 Luceriam²
481 792 608 851 ferebant
617 789 684 866 viae,
695 794 794 848 altera
800 810 870 865 prae·

122 882 169 929 ter
181 892 265 931 oram
279 872 377 947 superi
390 874 481 930 maris
494 881 595 945 patens
608 881 776 942 apertaque
790 891 798 938 ;
819 871 868 927 sed

122 951 233 1025 quanti>
245 951 344 1019 tutior,
365 950 445 1007 tantu
467 948 536 1008 fere'
551 948 681 1023 longiori
706 950 804 1005 altera
816 967 867 1022 per

122 1030 265 1088 Furculas
277 1029 422 1087 Caudinas
434 1029 557 1086 brevior.
592 1026 651 1083 Sed
663 1024 706 1083 itai
720 1037 811 1083 natus
827 1030 868 1083 lo·

121 1127 174 1165 cus
195 1118 240 1165 est
265 1110 354 1165 saltus
373 1108 431 1163 duo
454 1108 513 1175 alti,
539 1105 667 1181 angusti,
693 1106 866 1179 sylvosique

122 1197 210 1254 sunt;
231 1188 380 1244 montibus
392 1184 471 1242 circu
483 1184 633 1260 perpetuis
646 1184 726 1239 inter
739 1202 774 1239 se
783 1184 869 1259 junc·

121 1264 163 1332 ti;
182 1264 261 1341 jacet
280 1264 357 1322 inter
375 1284 426 1321 eos
448 1275 551 1338 patens
571 1264 689 1319 clausus
711 1262 742 1317 in
767 1262 867 1319 medio

122 1362 246 1417 campus
258 1344 406 1410 herbidus,
419 1358 616 1416 aquosusque.
629 1355 682 1412 per
695 1358 793 1415 quem
806 1360 870 1398 me-

121 1419 203 1477 dium
217 1420 273 1478 iter
285 1431 347 1484 est;
371 1422 423 1477 sed
437 1420 501 1477 ante
515 1420 605 1495 quam
622 1419 720 1475 venias
730 1417 770 1474 ad
784 1436 868 1487 eum,

120 1497 262 1555 intrandae
275 1499 379 1572 primae
393 1497 538 1575 angustiae
553 1509 630 1566 sunt,
643 1508 674 1553 et
687 1499 738 1554 aut
751 1498 871 1564 eadem,

121 1580 180 1651 qui
194 1588 222 1634 te
233 1575 435 1645 insinuaveris,
445 1576 525 1634 retrd
535 1576 581 1633 via
591 1576 759 1650 repetenda,
775 1586 828 1633 aut
845 1576 870 1631 si

121 1655 165 1713 ire
184 1654 272 1730 porrd
299 1673 415 1731 pergas,
444 1674 498 1731 per
518 1655 609 1712 alium
631 1657 739 1713 saltum
761 1654 870 1711 arctio·

122 1753 196 1803 rem,
208 1734 485 1809 impeditioremque
499 1734 692 1791 euadendum.
736 1734 775 1789 In
795 1752 869 1791 eum

121 1832 263 1888 campum
285 1814 331 1869 via
351 1813 407 1871 alia
426 1830 594 1887 percaram
608 1830 712 1886 rupem
736 1811 871 1869 Romani

120 1893 250 1948 demisso
262 1892 389 1967 agmine,
399 1890 492 1965 qudm
507 1892 542 1947 ad
553 1891 622 1947 alias
630 1889 784 1965 angustias
800 1909 872 1964 pro·

121 1967 200 2025 tinus
212 1981 378 2045 pergerent,
392 1981 491 2044 septas
500 1970 615 2047 dejectu
626 1972 766 2027 arborum
780 1987 872 2027 saxo-

121 2064 250 2121 numque
272 2047 437 2123 ingentium
452 2047 608 2125 objacente
622 2050 700 2104 mole
714 2046 871 2115 invenere,

121 2123 215 2199 quum
238 2124 317 2183 fraus
336 2127 450 2183 hostilis
473 2128 665 2201 apparuisset,
690 2125 867 2199 praesidium

122 2202 211 2261 etiam
225 2202 254 2259 in
270 2222 387 2261 summo
401 2209 476 2262 saltu
490 2204 678 2277 conspicitur.
719 2204 870 2261 Citati-in·

121 2277 157 2337 de
169 2281 249 2338 netrd
262 2285 321 2355 qua
333 2294 481 2352 venerant,
490 2294 617 2358 pergunt
627 2293 760 2355 repetere
772 2283 867 2349 viam;

160 2426 170 2459 ¹
186 2426 309 2479 Caudinae
327 2430 450 2480 Furculas.
467 2428 557 2481 These
576 2445 645 2479 were
664 2437 716 2479 two
728 2446 793 2489 very
804 2444 866 2479 nur-
931 2426 932 2483 Ϊ

119 2508 173 2543 now
186 2509 312 2559 passages
325 2496 349 2544 in
357 2497 401 2545 the
410 2495 494 2560 vaney
506 2496 538 2545 of
547 2495 676 2551 Gardano,
687 2495 767 2545 intlie
779 2496 867 2563 King·
931 2492 932 2521 ἢ

122 2560 182 2609 dom
194 2559 226 2636 of
235 2562 343 2625 Naples.
378 2566 403 2612 lt
416 2561 438 2611 is
449 2578 505 2613 now
517 2562 602 2612 called
623 2564 669 2611 the
686 2562 825 2629 Streights
838 2562 871 2611 of

123 2628 335 2749 Appppceriam’
353 2706 409 2740 now
428 2692 722 2763 LuceradellizPugaui
743 2708 759 2741 a
771 2692 827 2757 city
839 2692 872 2741 of
931 2710 932 2755 i

78 2815 85 2827 ὁ
122 2758 167 2807 the
182 2756 314 2821 Kingdom
325 2756 356 2806 of
367 2757 473 2820 Napies.
