1875 3267
440 273 505 336 238

106 437 167 484 tem
180 424 273 482 millia
285 424 441 482 hominum
458 423 489 479 in
502 422 616 479 minora
629 431 736 490 castra,
750 422 852 478 decem

107 505 137 561 in
153 503 271 579 majora,
285 506 345 562 duo
358 502 450 560 ferme
464 505 493 559 in
509 501 608 557 vicum
622 502 723 576 ipsum
737 502 854 556 Cannas

108 581 321 656 perlugeruntx
343 581 393 657 qui
412 578 567 654 extemplo
587 576 800 636 alCarthalone
815 587 855 634 at·

107 659 163 734 que
171 661 413 734 equitibusmullo
421 659 606 718 munimento
613 668 734 734 tegente
743 654 854 723 vicum,

107 737 299 794 circumventi
315 750 391 796 sunt.
411 739 521 795 Consul
536 740 617 805 alter,
630 753 683 794 seu
698 733 784 803 forte,
802 751 853 790 seu

107 818 238 883 consilio,
247 817 318 874 nulli
332 815 509 892 fugientium
518 815 640 873 infestus
652 813 777 890 agmini,
785 829 853 870 cum

107 896 294 970 septuaginta
306 893 366 952 fere
380 894 529 970 equitibus
538 893 703 950 Venusiam
713 891 853 966 profugit.

107 971 308 1050 Quadraginta
315 974 406 1032 millia
419 973 563 1048 peditum,
573 975 631 1030 duo
642 969 738 1029 millia
745 971 855 1043 septin-

108 1052 190 1126 genti
204 1053 326 1126 equites,
334 1065 363 1110 et
375 1063 453 1110 tanta
466 1049 557 1127 prope
571 1050 679 1107 civium
690 1049 855 1107 sociorum·

108 1149 167 1203 que
181 1147 249 1203 pars
269 1132 337 1188 caesi
358 1131 514 1198 dicuntum
535 1130 564 1186 in
578 1131 625 1186 his
644 1132 732 1185 ambo
752 1146 856 1184 consu·

108 1209 172 1266 lum
185 1221 346 1282 quaestores
367 1212 400 1268 L.
416 1209 537 1276 Atilius,
549 1221 578 1264 et
591 1210 627 1266 L.
648 1207 759 1264 Furius
772 1207 856 1266 Biba-

107 1288 212 1346 culus:
234 1305 309 1344 unus
322 1301 353 1344 et
366 1285 470 1363 viginti
484 1286 592 1344 tribuni
613 1285 765 1355 militum3
786 1303 858 1342 cou-

108 1365 220 1422 sulares
234 1365 352 1438 quidam
367 1365 567 1440 praetoriique,
581 1377 611 1422 et
624 1364 758 1421 aediticii=
780 1365 857 1421 inter

108 1461 159 1500 eos
172 1445 226 1500 Cn.
264 1443 432 1512 Servilium,
446 1454 477 1502 et
497 1445 541 1500 Μ.
568 1443 737 1500 Minucium
750 1460 858 1499 nume·

108 1532 182 1588 rant,
195 1521 244 1595 qui
259 1521 400 1598 magister
418 1521 553 1598 equitum
567 1523 664 1596 priore
679 1537 765 1590 anno,
778 1524 857 1579 Con·

109 1603 155 1658 sul
170 1601 281 1676 aliquot
294 1600 376 1657 annis
385 1599 450 1658 ante
464 1600 575 1658 fuerat:
590 1601 738 1674 octoginta
751 1611 861 1676 praete·

108 1677 161 1736 reri
174 1690 225 1736 aut
240 1689 397 1746 senatores,
406 1689 455 1738 aut
470 1680 521 1752 qui
534 1679 784 1754 eosmagistratus
795 1696 860 1753 ges·

112 1757 228 1827 sissent,
244 1758 321 1814 unde
331 1760 360 1816 in
371 1768 506 1816 senatum
516 1758 575 1835 legi
588 1760 728 1816 deberent
739 1779 748 1826 ς
763 1756 860 1833 quum

110 1841 165 1894 sua
179 1840 324 1894 voluntate
332 1837 441 1894 milites
451 1838 482 1893 in
495 1835 659 1912 legionibus
667 1833 736 1892 fasti
750 1848 859 1893 essent.

148 1917 241 1988 Capta
254 1935 290 1971 eo
304 1917 406 1988 praelio
415 1917 472 1972 tria
481 1915 573 1973 millia
587 1914 728 1990 pediturn,
737 1927 768 1972 et
778 1914 861 1988 equi·

110 2004 154 2049 tes
163 1992 287 2050 trecenti
297 1994 444 2052 dicuntur.
466 1996 542 2053 llaec
555 2006 601 2052 est
614 1998 714 2069 pugna
723 1997 862 2050 Cannen-

110 2071 160 2138 sis,
174 2070 311 2128 Alliensi¹
330 2073 404 2130 cladi
416 2071 564 2130 nobilitate
576 2092 644 2148 par:
660 2077 817 2130 Caeterum
830 2081 861 2129 ut

109 2149 176 2217 illis,
189 2167 256 2222 quae
278 2164 343 2222 post
362 2169 495 2227 pugnam
514 2153 656 2219 accidere,
675 2151 778 2220 levior,
791 2149 863 2223 quia

110 2231 146 2284 ab
167 2229 248 2286 hoste
270 2242 501 2297 cessatum-est3
527 2230 569 2286 sic
590 2243 687 2306 strage
708 2229 864 2286 exercitus

112 2307 226 2384 gravior
240 2306 410 2382 foediorque.
444 2307 527 2382 Fuga
540 2327 669 2383 namque
690 2309 727 2380 ad
748 2307 862 2364 Alliam

111 2386 195 2443 sieut⁴
209 2388 311 2442 urbem
332 2386 467 2459 prodidit,
484 2387 524 2444 ita
538 2387 703 2443 exercitum
717 2386 861 2442 servavit:

112 2465 149 2522 ad
168 2468 283 2522 Cannas
313 2463 477 2539 fugientem
497 2470 650 2523 consulem
672 2464 724 2521 vix
745 2473 863 2535 septua-

112 2543 195 2619 ginta
208 2539 303 2600 secuti
316 2554 384 2600 sunt
396 2564 404 2598 ι
418 2544 537 2602 alterius
550 2543 704 2601 morientis
714 2542 809 2618 propi:
818 2553 864 2610 to·

111 2633 158 2680 tus
171 2619 322 2679 exercitus
335 2619 398 2695 fuit.

111 2823 158 2920 p,
186 2771 863 2905 lipparitanam.rnfflnfeatoruna-ssseenorea
912 2862 914 2871 Ι

131 2871 179 2918 age
242 2889 248 2900 .
912 2881 914 2889 ·
