1875 3267
107 424 396 509 Pyrrhosetradunt.
416 432 496 489 inter
506 429 737 489 caeterasetiam
748 431 871 497 Lo‘cri‘,

108 508 224 587 prodito
250 509 380 583 praesido
393 510 542 577 Romano,
562 510 599 567 ad
621 510 784 583 Pyrrhum
800 509 871 585 aleh-

107 593 195 647 clunt.
218 590 266 645 Ex
280 593 317 647 ea
337 591 441 662 praeda
454 591 589 661 Pyrrhus
602 590 752 645 ducentos
777 587 869 665 capti·

105 686 156 726 vos
165 669 277 727 milites
290 670 418 726 Romam
432 669 523 743 gratis
537 666 655 735 remisit
670 688 678 735 ;
694 679 731 726 ut
744 669 867 742 cognita

105 747 212 806 virtute
240 748 317 828 ejus,
360 746 487 805 Romani
518 746 608 805 etiam
644 754 868 821 cognoscerent

106 824 321 885 liberalitatem.
361 826 530 900 Interiectis
543 821 649 884 deinde
663 826 784 893 diebus,
795 822 866 882 crim

106 906 258 963 sociorum
290 904 439 963 exercitus
476 901 715 980 supervenisset,
758 901 865 981 iterati>

105 985 246 1055 liraelium
259 1001 331 1043 cum
344 982 487 1041 Romanis
502 983 580 1053 lacit,
606 983 636 1039 in
651 1000 715 1057 quo
727 999 786 1057 par
806 982 864 1040 for·

106 1072 180 1121 tuna
191 1062 285 1141 priori
298 1064 374 1120 bello
384 1062 448 1120 fuit.

146 1140 264 1200 lntereal
290 1142 384 1219 Mago
407 1144 469 1199 dux
494 1139 809 1217 Carthaginiensium,
834 1140 862 1198 in

105 1221 254 1279 auxilium
268 1222 475 1279 Romanorum
488 1240 557 1279 cum
572 1238 632 1276 cxx
647 1218 775 1275 navibus
789 1220 863 1277 mis·

106 1316 181 1367 sus,
200 1302 343 1357 Senatum
362 1301 440 1364 adiit,
454 1302 532 1374 egre
545 1298 648 1357 tulisse
670 1298 861 1375 Carthagini·

105 1395 193 1435 enses
206 1379 365 1446 affirmans,
391 1377 470 1453 quhd
488 1380 600 1436 bellum
614 1376 646 1433 in
660 1376 750 1433 ltalia
767 1376 784 1433 a
810 1396 859 1451 pe·

104 1454 225 1531 regrino
244 1472 316 1532 rege
330 1467 511 1531 paterentur.
552 1459 601 1515 Ob
622 1474 715 1531 quam
737 1474 859 1514 causam
926 1478 927 1483 ¹

103 1534 232 1593 missum
244 1554 288 1603 se,
311 1546 345 1593 ut
354 1537 498 1610 quoniam
512 1547 636 1595 externo
643 1536 728 1592 hoste
743 1553 859 1611 oppug-

102 1622 256 1684 narentur,
273 1615 402 1673 extemis
413 1614 725 1693 auxiliisjuvarentur.
741 1611 858 1672 Gratia

103 1690 238 1767 asenatu
263 1693 558 1769 Carthaginiensibus
581 1702 665 1760 actae,
687 1694 857 1767 auxiliaque

104 1773 239 1831 remissa.
288 1774 347 1831 Sed
373 1774 478 1849 Mago,
499 1773 613 1831 Punico
628 1770 766 1847 ingenio,
792 1782 859 1847 post

103 1866 216 1924 paucos
228 1852 291 1909 dies
303 1852 410 1910 tacitus
422 1852 505 1927 quasi
518 1850 690 1927 pacificator
699 1850 858 1925 Carthagi·

102 1930 261 1999 niensium,
275 1933 426 2005 Pyrrhum
439 1930 507 1997 adit,
516 1932 721 2007 speculaturus
732 1929 858 1987 consilia

105 2008 173 2085 ejus
193 2009 232 2064 de
243 2008 355 2078 Sicilia,
369 2007 428 2084 quei
442 2028 514 2069 eum
537 2006 675 2067 arcessiri
689 2007 772 2065 fama
785 2018 857 2065 erat,

102 2088 184 2144 Nam
204 2084 349 2145 Romanis
365 2091 470 2147 eadem
485 2104 573 2149 causa
596 2086 733 2143 mittendi
749 2086 856 2144 auxilii

102 2165 401 2241 Carthaginiensibus
425 2168 529 2236 fuerat,
555 2176 588 2224 ut
608 2166 743 2222 Romano
768 2168 855 2233 bello,

104 2260 142 2299 ne
167 2242 198 2299 in
225 2244 357 2303 Siciliam
383 2248 508 2304 transire
529 2256 630 2321 posset
652 2246 798 2318 Pyrrhus,
825 2244 855 2301 in

67 2343 71 2348 ¹
104 2322 190 2378 ltalia
204 2323 392 2381 detineretur.
434 2324 518 2382 Dum
531 2328 597 2383 haec
612 2332 751 2397 aguntur,
775 2326 856 2397 lega·

102 2412 151 2459 tus
165 2398 182 2457 ai
203 2413 306 2460 senatu
321 2404 456 2461 Romano
469 2404 620 2461 Fabricius
634 2401 770 2459 Lucinus
783 2402 855 2459 mis-

104 2498 164 2544 sus,
173 2496 277 2555 pacem
291 2501 361 2539 cum
376 2483 489 2556 Pyrrho
497 2482 674 2559 composuit.
697 2481 746 2538 Ad
760 2498 854 2555 quam

104 2559 338 2618 confirmandam
352 2563 469 2634 Cyneas
483 2564 612 2619 Romam
632 2579 702 2617 cum
725 2558 854 2635 ingenti-

142 2739 152 2772 1
169 2733 339 2782 Locri-now
352 2724 439 2786 Mona
454 2737 492 2786 Di
504 2740 625 2788 Barzano
636 2740 722 2792 onthe
736 2742 852 2796 Gierace

102 2796 366 2860 gurpuucanaua.
928 2796 929 2809 ¹
