1875 3267
486 366 545 423 176

150 517 223 577 m‘mi
243 514 351 570 locum.
404 510 448 569 Ita
461 510 595 583 prodictu
610 510 668 577 die,
681 509 715 565 in
730 509 884 566 Petelinum

149 599 252 653 lucum
261 589 346 647 extro
355 600 469 663 pomam
484 591 725 656 flumentanam,
739 586 820 645 unde
831 607 884 643 con·

150 682 269 746 spectus
288 669 318 725 iu
337 667 514 739 Capitolium
535 684 593 722 non
616 676 707 733 esset,
740 666 882 723 consilium

150 748 250 824 populi
264 746 406 803 indictum
417 755 461 801 est
478 765 486 813 ;
506 743 545 799 ibi
559 744 674 800 cm'men
688 744 797 812 valuit,
809 755 837 800 et
847 748 883 798 ob·

152 828 264 884 stinatis
286 822 392 882 animis
410 823 492 878 triste
517 821 671 899 judicium,
699 821 883 893 invisumque

151 906 240 963 etiam
252 901 397 981 judicibus
409 899 529 957 factum.
567 898 641 956 Sunt
655 901 708 973 qui
722 915 782 971 per
792 901 883 955 duum-

151 986 240 1051 viros,
249 981 300 1057 qui
312 980 347 1035 de
357 977 553 1052 pemuellione
563 976 764 1049 anquirerent,
772 988 882 1034 creatos

152 1072 283 1121 auctores
292 1058 348 1114 siut
357 1058 526 1113 damnatum
537 1077 544 1123 ;
554 1054 664 1113 tribuni
676 1056 715 1115 de
725 1057 811 1112 Saxo
824 1056 883 1111 Tar-

152 1140 219 1214 peio
232 1138 419 1213 dejecerunt:
432 1137 572 1208 locusque
584 1132 663 1189 idem
678 1132 710 1189 in
725 1152 789 1191 uno
805 1132 884 1189 homi-

152 1234 191 1275 ne
203 1227 232 1273 et
245 1215 364 1272 eximiae
377 1211 480 1289 gloriae
503 1211 732 1277 monimentum,
755 1222 786 1269 et
800 1226 884 1285 poenae

152 1295 266 1352 ultimae
281 1292 345 1347 fuit.
366 1293 481 1367 Ajectae
496 1298 612 1345 mortuo
621 1299 698 1348 notae
710 1298 804 1345 sunt:
825 1294 884 1362 puh-

152 1373 208 1428 lica
217 1388 293 1436 una3
315 1366 402 1441 quod,
415 1366 510 1441 quum
523 1369 629 1425 domus
643 1366 706 1443 ejus
717 1366 836 1434 fuisset,
847 1368 885 1423 ubi

152 1465 230 1504 nunc
245 1447 323 1501 aedes
340 1454 426 1517 atque
446 1443 561 1503 officina
580 1442 710 1501 Monetae
727 1455 786 1513 est,
801 1448 884 1503 latum

152 1527 189 1582 ad
201 1525 344 1598 populum
356 1534 455 1589 esune
469 1524 536 1599 quis
548 1520 690 1597 patricius
703 1522 734 1578 in
750 1541 833 1591 auce,
845 1535 885 1579 am

152 1599 298 1675 capitolio
324 1600 487 1658 habitaret:
510 1598 651 1677 gentilitia
675 1601 795 1670 altem
818 1602 886 1676 quoti

154 1682 250 1759 gentis
273 1677 394 1737 Manliae
421 1681 538 1737 decreto
555 1689 674 1735 cautum
695 1690 751 1745 est,
773 1680 886 1755 nequis

85 1812 89 1816 .
153 1758 256 1818 deinde
272 1758 316 1814 M.
331 1756 459 1816 Manlius
468 1766 629 1816 vocaretur.
643 1812 648 1819 ,
668 1758 761 1815 Hunc
775 1762 888 1816 exitum

153 1840 252 1896 habuit
264 1837 316 1905 vir,
338 1836 393 1894 nisi
413 1836 443 1892 in
462 1837 554 1893 liberio
568 1832 681 1891 civitate
702 1846 792 1893 natus
806 1852 888 1895 esset.

154 1914 362 1973 memorabilis.
402 1917 548 1989 Populum
560 1912 651 1980 brevi,
664 1913 830 1987 postquam
847 1934 888 1989 pe·

153 1994 280 2049 riculum
288 1995 323 2048 ab
336 2011 371 2048 eo
382 1994 497 2049 nullum
510 2000 580 2059 erat,
592 1998 645 2063 peu
653 2008 684 2047 se
698 1990 781 2063 ipsas
795 2012 890 2051 recor·

154 2072 272 2126 dantem
281 2067 401 2126 virtutes
412 2069 589 2126 desiderium
602 2066 666 2145 ejus
678 2069 780 2126 tenuit
795 2093 803 2138 3
829 2090 889 2145 pes·

915 1584 919 1619 4

153 2147 263 2204 tilentia
286 2146 375 2203 etiam
394 2148 476 2203 brevi
501 2156 665 2219 consecuta,
684 2145 777 2204 nullis
789 2168 890 2206 occur·
919 2134 920 2199 ἶ

155 2224 286 2280 rentibus
297 2233 384 2281 tantae
398 2226 488 2282 cladis
496 2224 600 2293 causis,
609 2241 647 2280 ex
661 2223 819 2284 Manliano
828 2247 890 2299 sup·
919 2270 920 2283 ,

154 2300 243 2375 plicio
255 2318 372 2377 magnae
381 2304 455 2376 parti
469 2303 560 2360 videri
573 2311 656 2359 oma:
672 2298 832 2361 Wolatum
841 2310 890 2363 Ca-

154 2378 289 2453 pitolium
305 2400 369 2438 esse
396 2378 536 2455 sanguine
550 2380 706 2438 servatoris
722 2402 730 2449 ;
752 2399 813 2439 nec
830 2385 889 2441 Diis
919 2432 920 2435 ,

155 2457 236 2514 cordi
248 2458 337 2515 fuisse
346 2477 462 2532 paenam
476 2456 541 2534 ejus
553 2460 677 2515 oblatam
690 2455 787 2533 prope
800 2463 889 2519 oeulis

156 2535 227 2623 suis,
240 2533 257 2592 ἃ
268 2554 326 2610 quo
339 2555 390 2594 sua
407 2539 518 2609 templa
530 2546 629 2610 erepta
642 2534 657 2592 ὲ
670 2538 814 2597 manibus
828 2542 890 2599 hos·

156 2624 232 2669 tuum
244 2623 350 2669 essent.
