1875 3267
417 229 481 285 236

76 380 173 440 loricis
187 380 335 447 habentes,
347 373 446 452 specie
466 369 689 447 transfugarum
701 385 778 430 eum
792 375 832 430 ab

78 459 149 527 suis,
168 474 293 552 parmas
303 465 369 530 post
388 465 473 526 terga
493 453 640 520 habentes,
658 450 832 524 adequitas-

78 547 159 602 sent;
175 531 295 609 repent&
305 551 344 590 ex
358 533 443 606 equis
456 527 601 594 desiliunt,
611 526 787 603 parmisque
798 541 832 588 et

76 613 239 690 jaculisan
203 611 269 669 ame
288 611 385 701 pedes·
398 611 527 666 hostium
545 606 698 686 projectis,
717 606 750 663 in
761 626 831 666 me·
912 625 914 635 ¹

73 692 155 748 diam
167 691 262 748 aciem
276 689 396 764 accepti,
406 687 544 760 ductique
555 687 591 742 ad
603 687 742 743 ultimos·
757 705 829 744 eon·

77 769 173 828 sidere
185 771 221 826 ab
234 776 318 845 tergo
329 767 485 844 jubentur3
507 784 541 822 ac
554 765 628 820 dum
640 763 776 838 pralium
789 769 828 824 ab

78 847 160 944 ompi
170 857 253 922 perte
264 847 434 936 conseritur,
444 843 537 918 quieti
546 853 727 906 manserunt.
742 843 828 902 Post·

78 923 172 1002 quim
184 925 318 983 omnium
331 923 444 982 animos
454 922 617 1012 peulosque
629 933 829 996 occupaverat

80 1014 247 1071 certamem
267 1002 342 1072 tum,
361 1019 408 1060 ari
410 1001 486 1075 epus
507 1000 609 1065 scutis,
621 1017 691 1074 quae
710 997 829 1074 passim

79 1082 158 1140 inter
170 1099 289 1140 acervos
301 1099 446 1138 caesorum
462 1095 621 1152 corporum
633 1088 722 1136 strata
733 1093 828 1154 emm,

79 1178 214 1218 aversam
235 1159 401 1218 adoriuntur
422 1159 587 1215 Romanam
608 1175 715 1226 aciem,
725 1168 827 1235 terga

79 1257 138 1328 que
152 1238 298 1306 ferientes,
313 1257 347 1294 ac
367 1237 491 1312 poplites
511 1237 670 1304 caedentes,
691 1247 827 1314 stragem

81 1316 242 1392 ingentem,
262 1333 296 1371 ac
310 1315 454 1391 majorem
476 1311 621 1388 aliquantd
634 1329 776 1386 pavorem
789 1335 828 1374 ae

80 1397 240 1451 tumultum
250 1392 391 1450 fecerunt
404 1389 509 1462 Quilm
519 1391 587 1448 alibi
595 1403 691 1451 terror
700 1411 734 1452 ac
743 1393 827 1472 fuga,

82 1471 149 1529 alibi
163 1470 296 1546 pertinax
309 1469 340 1527 in
351 1469 448 1528 mall
438 1490 501 1546 Jam
516 1487 567 1544 spe
577 1469 712 1544 piaelium
725 1483 826 1541 esset;

81 1549 238 1639 Asdrubal,
257 1549 308 1624 qui
322 1551 357 1606 eb
371 1557 453 1622 parte
467 1559 604 1639 piaeeraq
617 1551 773 1608 subductos
785 1571 827 1610 ex

81 1629 180 1687 medii
194 1626 255 1686 acie
271 1627 426 1696 Numidae,
441 1627 509 1700 quia
523 1626 623 1702 segnis
636 1645 741 1685 eorum
754 1648 826 1724 cum

81 1707 215 1764 adversis
227 1719 327 1784 pugna
339 1717 409 1774 erat,
432 1707 468 1762 ad
481 1708 700 1779 persequendos
712 1704 825 1782 passim

83 1783 230 1873 fugientes
249 1786 358 1843 mittit:
381 1784 528 1858 Hispanos
548 1794 578 1840 et
591 1783 693 1841 Gallos
712 1784 825 1858 pedites

82 1862 145 1960 qu
156 1865 236 1922 Afu's
250 1863 339 1952 prope
352 1861 532 1932 fessiqcaede
544 1862 639 1938 magis
648 1861 739 1937 quam
749 1882 827 1944 pug-

83 1944 132 2012 na,
146 1939 289 2017 adjungit.

124 2023 209 2078 Parte
219 2020 313 2076 aliene
326 2036 430 2108 pugnae
441 2020 569 2086 Paullus,
577 2020 759 2110 quumquam
769 2024 827 2096 pri·

84 2115 135 2155 mo
149 2097 247 2153 statim
261 2097 364 2171 praelio
377 2096 468 2156 fundi
482 2098 609 2173 grauiter
623 2100 699 2156 ictus
712 2099 826 2173 fueram

83 2187 183 2232 tamen
190 2185 219 2231 et
229 2176 356 2232 occurrit
365 2173 444 2248 saepe
454 2193 526 2232 cum
534 2176 828 2252 confertisAnmbah,

84 2263 115 2310 et
125 2251 236 2327 aliquot
249 2252 321 2310 locis
334 2254 471 2328 praelium
485 2254 628 2322 restituit;
649 2260 829 2345 protegenti·

84 2333 140 2389 bus
166 2349 236 2390 eum
256 2332 402 2406 equitibus
423 2332 573 2390 Romanis.
614 2333 745 2392 Omissis
764 2354 827 2411 pus-

84 2407 180 2466 tremd
200 2409 294 2482 equis,
308 2411 375 2484 quia
392 2413 543 2468 consulem
565 2421 595 2467 et
608 2412 643 2468 ad
664 2418 828 2488 regendum
913 2462 914 2479 J

84 2505 194 2561 equum
214 2488 291 2545 vires
317 2487 517 2545 deficiebam.-
539 2487 622 2546 Tum
642 2491 828 2556 denuncianti
913 2502 914 2525 ¹

86 2564 213 2634 cuidam,
230 2565 354 2642 jussisse
367 2569 520 2624 consulem
540 2568 578 2623 ad
596 2570 686 2642 pedes
706 2571 827 2634 descen·

85 2646 155 2704 dere
165 2643 294 2720 equitesj
302 2644 409 2702 dixisse
421 2646 595 2702 Annibalem
604 2646 713 2704 feruutz
727 2649 826 2720 Quam

79 2726 206 2781 mallem
226 2724 339 2782 vinctos
359 2721 433 2779 mihi
445 2723 591 2781 traderet!
612 2724 756 2801 Equitum
775 2750 825 2807 pe·
