1875 3267
403 219 465 279 109

36 366 146 440 stiipe
169 365 401 457 conspexissent,
419 368 526 424 orbum
540 363 637 424 liberis
657 341 798 427 eicerem

38 447 135 501 Inter
149 446 219 504 haec
235 463 336 515 senex,
354 445 496 522 juvenem
518 447 679 519 amplexus,
702 443 799 518 spolia
850 456 855 466 ⁴

39 523 258 582 Curiatiorum
272 523 330 583 fixa
339 543 374 583 eo
388 525 460 591 ioco,
473 521 524 598 qui
537 540 616 580 nunc
630 524 690 581 Pila
703 524 799 580 Hora·

39 601 89 661 eia
117 603 295 677 appellatur,
320 612 479 671 ostentans,
506 601 670 669 Hunccine,
694 600 799 671 aiebat,

42 697 149 754 quem
164 679 257 738 modo
269 681 450 749 decoratum,
463 688 662 753 ovantemque
675 679 799 738 victoris

42 759 245 818 incedentem
261 759 380 828 vidistis,
399 757 539 830 Quirites,
559 774 630 823 eum
650 759 702 815 sub
714 756 800 817 fttrcit

44 835 195 894 vinctum
207 837 284 894 inter
297 839 418 896 verbera
435 847 464 894 et
477 837 625 895 ciuciatus
638 833 735 892 sidere
747 853 800 909 po·

45 911 163 972 testis?
200 916 277 988 quod
288 916 346 986 »vix
369 918 551 974 Aibanotum
570 913 649 972 oculi
667 923 730 971 teni
749 916 799 972 de·

48 992 155 1050 forme
178 994 378 1066 spectaculum
399 991 477 1050 sene
496 1002 622 1068 possent.
662 992 687 1058 1,
707 992 801 1063 lictor,

51 1070 169 1146 colliga
182 1087 297 1136 manus,
309 1087 377 1145 quae
392 1071 478 1144 pauli>
493 1069 559 1128 ιιιιιὲ
572 1081 691 1128 aeuiatae
706 1070 803 1146 impe·

53 1148 140 1206 rium
165 1149 278 1222 Populo
296 1149 429 1206 Romano
445 1158 631 1224 pepererunt
676 1151 700 1216 1,
714 1151 805 1224 caput

53 1227 176 1284 obnube
184 1225 345 1286 liberatoris
356 1227 435 1284 urbis
444 1228 542 1304 hujus.
571 1227 676 1284 Asbori
690 1224 804 1284 infelici·

54 1306 224 1380 suspende;
240 1307 360 1362 verbera
373 1306 419 1362 vel
431 1305 508 1363 intra
519 1305 699 1380 pmncrium,
710 1302 803 1363 mods

54 1383 135 1440 inter
147 1382 198 1441 iila
207 1382 275 1459 pila,
288 1392 317 1439 ct
331 1381 422 1458 spolia
434 1383 580 1440 hostium:
595 1386 640 1441 vei
649 1393 735 1440 exten
748 1399 801 1456 po·

56 1462 211 1550 maenium,
237 1459 325 1519 modo
344 1461 420 1519 inter
440 1464 575 1550 sepulcra
588 1460 800 1519 Curiatiorum

58 1537 131 1608 Quo
144 1538 225 1597 enim
237 1540 344 1612 ducere¹
361 1540 461 1596 hunc
453 1557 590 1616 iuvenem
602 1540 724 1615 potestis
747 1532 798 1597 obt

57 1634 122 1673 non
134 1634 187 1675 sua
200 1617 304 1675 decors
316 1631 385 1673 eum
399 1637 416 1673 a
427 1619 509 1675 tants
520 1617 649 1676 foeditate
661 1617 799 1691 supplicii

60 1693 229 1752 vindicent?
243 1696 312 1754 Non
319 1693 386 1752 tulit
394 1698 520 1772 populus
530 1711 587 1752 nec
600 1697 692 1768 patris
705 1698 799 1769 iscny-

61 1791 138 1840 mas,
157 1791 212 1830 nec
232 1769 324 1848 ipsius
337 1775 437 1848 parem
451 1773 483 1829 in
494 1774 576 1832 mnni
593 1774 726 1864 periculo
739 1771 801 1834 ani

63 1869 165 1908 mum.
179 1853 422 1942 absolveruntque
436 1850 797 1952 admimtionemagisvft·

64 1929 134 1987 tutis
146 1949 234 2008 quam
245 1929 311 2010 jure
324 1945 447 1990 esussae
