1875 3267
428 310 488 369 163

20 453 28 462 “
77 459 166 512 cae'sa
177 462 291 512 suomet
305 454 432 529 ipsorum
449 455 606 514 certamine
619 458 649 516 iu
660 462 748 516 turha
763 460 820 520 im-

77 531 266 606 pedientium
276 530 387 607 fugam.
421 530 510 592 Circei
522 533 616 607 ripam
629 535 753 607 Tiberis,
760 559 819 616 quo

73 607 176 667 armis
189 609 310 686 abjectis
320 621 416 668 totum
429 610 580 669 sinistrum
595 631 683 671 cornu
699 614 820 693 defugit,

75 706 192 764 magara
202 697 314 764 strages
327 689 402 746 facta
414 699 458 747 est
471 711 479 744 ε
492 693 658 763 multosque
669 692 819 766 imperitos
887 766 890 772 ι

75 766 181 833 umidi,
193 776 244 823 aut
251 765 399 835 invalidos,
408 787 511 842 graves
521 768 619 826 loricis
628 767 748 843 aliisque
755 784 819 850 teg·

74 842 213 902 minibus
233 847 358 902 hausere
378 846 535 922 gurgitem
567 847 700 904 niaxima
723 860 818 909 tamen

75 939 153 997 pars
166 923 321 980 incolumis
330 924 422 981 Veios
430 922 577 999 perfugit3
598 924 674 984 unde
686 943 745 982 non
757 946 819 985 mo-

10 1035 11 1038 =
75 999 124 1057 do
137 1000 265 1074 praesidii
279 1001 447 1074 quiequam,
459 1004 511 1059 sed
519 1021 556 1060 ue
564 1003 690 1060 nuncius
702 1004 819 1077 quidem

80 1077 176 1135 c'ladis
185 1079 313 1136 Romam
321 1089 365 1136 est
377 1081 493 1136 missus.
539 1083 588 1138 Ab
600 1082 706 1139 dextro
719 1100 820 1154 comu,

81 1157 165 1230 quod
181 1159 286 1230 procul
306 1155 466 1224 aflumine,
479 1167 509 1215 et
530 1157 626 1234 magis
642 1161 697 1215 sub
721 1171 819 1220 moute

82 1241 206 1292 steterat
220 1255 228 1300 ;
251 1235 376 1291 Romam
390 1252 493 1293 omnes
506 1235 628 1309 petiere,
641 1247 671 1293 et
687 1256 726 1294 ne
740 1241 819 1296 elau·

79 1314 125 1370 sis
133 1312 253 1387 quidem
265 1310 358 1386 portis
367 1311 456 1382 urbis,
463 1312 495 1370 in
504 1332 604 1372 arcem
615 1314 817 1390 confligeruut.

120 1391 222 1448 Gallos
235 1407 351 1464 quoque
365 1393 444 1448 velut
457 1393 679 1467 obstupefactos,
693 1393 818 1452 miracu·

10 1510 12 1514 s
78 1473 147 1530 lum
167 1467 297 1526 victoriae
314 1477 376 1526 tam
397 1470 556 1542 repentinae
579 1470 690 1539 tenuit;
711 1482 740 1528 et
759 1473 816 1544 ipsi

79 1564 190 1622 pavore
203 1543 291 1604 defixi
303 1544 435 1620 primum
457 1558 606 1616 steterunt,
628 1552 707 1607 velut
722 1550 817 1625 ignari

77 1625 157 1705 quid
169 1623 339 1692 accidisseu
353 1623 580 1683 deindeiusidias
592 1626 695 1694 vereri,
706 1638 817 1701 postre-

11 1749 13 1754 .
82 1701 140 1764 mo
153 1719 299 1762 eaesorum
312 1702 402 1776 spolia
417 1704 526 1777 legere,
539 1722 747 1777 armorumque
766 1724 817 1764 eu·

78 1783 195 1848 mulos,
207 1789 240 1840 ut
254 1779 371 1838 muscis
384 1789 437 1848 est,
455 1799 634 1840 coacervare.
675 1783 755 1840 Tum
768 1785 817 1840 de·
880 1813 883 1820 ·

80 1859 171 1920 mrim
188 1857 345 1934 postquam
356 1857 569 1933 nihiiusqusim
593 1862 696 1920 hostile
716 1879 817 1918 cerne·

78 1943 177 2007 batur,
197 1936 274 1994 viam
294 1935 430 2012 ingressi,
455 1939 533 1995 haud
556 1938 649 1996 multi>
661 1936 727 1997 ante
742 1940 816 1998 Solis

79 2034 222 2076 occasum
242 2015 277 2073 ad
297 2019 400 2074 urbem
422 2017 548 2074 Romam
557 2020 746 2091 perveniunt3
766 2017 816 2076 ubi
850 2052 856 2059 ·

78 2092 177 2173 quum
190 2094 348 2169 praegressi
368 2096 480 2168 equites
503 2112 561 2151 nou
588 2105 683 2170 portas
696 2098 815 2166 clausas,

82 2191 144 2232 non
152 2172 305 2230 stationem
318 2189 371 2246 pro
381 2173 474 2247 portis
486 2176 639 2245 excubae,
651 2193 709 2233 non
722 2192 815 2232 arina·

83 2263 204 2310 uosesse
214 2252 243 2309 in
256 2251 360 2320 muris,
373 2253 540 2310 retulissent
554 2275 563 2321 ;
584 2255 664 2311 aliud
673 2253 763 2328 priori
776 2253 815 2310 si·

82 2329 156 2389 mile
165 2330 341 2387 miraculum
354 2349 405 2387 eos
418 2330 567 2399 sustinuit3
582 2341 756 2406 noctemque
769 2350 816 2390 ve·

21 2455 23 2462 ,
80 2407 144 2478 riti,
165 2417 195 2465 et
215 2408 321 2488 ignotae
336 2407 425 2464 situm
438 2410 527 2476 urbis,
544 2410 618 2468 inter
637 2413 761 2468 Romam
774 2420 815 2467 at·

15 2532 24 2540 ,s
80 2505 145 2564 =que
160 2485 305 2545 Anienem
318 2488 494 2556 consedere}
508 2489 734 2563 exploratoribus
747 2487 816 2544 mis-

11 2565 18 2632 ,Ϊ
87 2567 128 2624 sis
138 2563 217 2632 circa
225 2563 330 2620 inoeuia
338 2565 464 2638 aliasque
476 2575 582 2638 portas,
595 2584 733 2640 quaenam
748 2564 816 2620 hos-

12 2641 23 2694 ’Ϊ
84 2646 161 2704 tibus
186 2643 215 2700 in
237 2641 350 2715 perdiu
363 2661 393 2699 re
402 2643 524 2701 -consilia
536 2656 641 2701 essent.
681 2641 815 2707 Romani,

12 2775 13 2780 ,
83 2721 179 2799 quum
192 2739 262 2797 pars
275 2721 369 2799 major
377 2739 413 2776 ex
425 2719 487 2778 acie
500 2721 590 2779 Veios
599 2721 751 2796 pestiisset‚
763 2734 814 2773 ne·

12 2799 25 2874 „J
86 2821 135 2862 mo
149 2814 303 2877 superesse
314 2815 494 2875 quemquam
507 2810 613 2873 praeter
627 2815 685 2867 eos,
695 2795 746 2870 qui
758 2795 815 2853 Ro·
