1875 3267
476 297 538 355 212

128 462 186 521 que
198 441 279 502 urbis
292 441 409 502 modico
422 442 558 513 distantia
570 440 725 500 intervaiio
738 440 877 501 constite

128 532 202 581 rant
244 522 323 580 Hinc
334 540 411 611 spes,
423 519 494 579 hinc
506 506 672 596 desperatio
685 519 805 579 animos
814 519 876 577 irri-

127 612 187 658 tat:
201 602 294 658 Poeno
308 600 423 675 cepisse
434 599 497 676 jam
511 618 543 657 se
555 596 875 672 urbem,s1psulultim

128 679 285 748 adnitatur,
310 680 470 746 credente3
491 674 666 754 Saguntinis
688 692 745 750 pro
765 678 875 735 nudam

127 757 278 815 moenibus
301 757 395 832 patria
416 772 540 829 corpora
564 756 794 830 opponentibus,
818 772 874 812 nec

126 836 188 893 ullo
202 836 310 926 pedem
322 834 477 903 referente,
486 853 523 892 ne
538 831 664 891 relicto
649 852 668 889 a
678 851 709 890 se
725 835 795 890 loco
809 834 875 891 hos·

130 925 193 971 tem
203 913 384 971 immitteret
413 912 518 987 Itaque
529 911 588 987 qud
601 908 700 969 aerinis
713 910 934 991 etconfer·13

128 988 187 1051 tim
206 989 304 1067 magis
323 992 474 1065 utrimque
503 992 681 1067 pugnabant,
709 988 748 1049 ed
770 992 876 1063 piures

128 1073 376 1139 vulnerabantur3
396 1072 480 1126 nullo
499 1070 678 1141 interamna
689 1084 877 1141 corporaque

128 1166 210 1207 vano
217 1148 410 1206 intercidente
424 1151 494 1205 telo.
514 1147 643 1205 Falarica
656 1155 719 1205 erat
733 1146 877 1222 Sagunti-

129 1227 185 1295 nis,
197 1227 310 1285 missiie
326 1229 420 1285 telum
434 1226 531 1283 hastili
553 1228 689 1299 oblongo,
710 1234 741 1281 et
760 1236 876 1285 caetera

127 1305 214 1362 tereti
229 1326 237 1373 ;
258 1303 452 1380 preterqutim
473 1306 509 1362 ad
529 1315 707 1373 extremum,
721 1301 804 1361 unde
815 1304 876 1363 fer·

130 1400 198 1439 rum
211 1387 350 1440 exstabat
391 1384 436 1452 Id,
452 1381 529 1441 sicut
547 1382 576 1439 in
597 1382 666 1455 pilo,
692 1384 875 1455 quadratum

127 1464 235 1535 stuppri
244 1460 496 1537 circumligabant,
507 1462 692 1534 linebantque
701 1460 778 1533 pice.
801 1464 876 1520 Fer-

66 1562 71 1569 ·
127 1556 196 1596 rum
208 1549 307 1596 autem
320 1549 382 1597 tres
401 1539 432 1595 in
452 1542 575 1615 longum
589 1540 711 1595 habebat
723 1540 827 1613 pedes,
842 1552 876 1599 nt

126 1634 201 1676 eum
214 1617 305 1676 armis
315 1617 491 1693 transfigere
504 1634 612 1693 cornus
624 1626 733 1690 posset.
768 1619 831 1675 Sed
846 1620 877 1676 id

129 1694 263 1753 maxime
275 1697 365 1755 etiam
378 1696 403 1753 si
415 1696 551 1755 haesisset
563 1698 593 1753 in
603 1705 697 1763 scuto,
709 1712 766 1753 nec
779 1710 876 1770 peue-

126 1786 235 1834 nasset
254 1775 285 1832 in
305 1794 423 1850 corpus,
442 1793 581 1849 pavorem
607 1774 756 1831 faciebat:
792 1777 875 1850 quod

126 1851 221 1929 qudm
234 1855 368 1913 medium
379 1871 538 1911 accensum
551 1854 728 1921 mitteretur,
742 1870 874 1929 concep-

125 1945 250 2004 tumque
262 1930 330 2007 ipso
341 1943 424 1990 motu
436 1931 531 1991 multi)
543 1932 689 2009 majorem
698 1934 804 2007 ignem
813 1932 875 1989 fer-

126 2018 180 2075 ret,
192 2028 275 2066 arma
295 2010 393 2069 omitti
403 2011 535 2085 cogebat,
551 2014 722 2085 nudumque
741 2010 873 2069 miiitum

125 2089 162 2143 ad
174 2086 363 2162 insequentes
375 2089 453 2146 ictus
465 2091 623 2163 praebebat

165 2163 268 2236 Quum
278 2185 351 2243 ergo
363 2166 415 2225 diu
427 2184 538 2254 anceps
551 2167 654 2227 fuisset
665 2179 831 2237 certamen,
840 2182 874 2227 et

68 2292 73 2299 .
125 2243 306 2331 Saguntinis,
319 2246 388 2337 quia
400 2256 506 2320 prater
518 2250 603 2320 spem
611 2248 792 2316 resisterent,
805 2264 872 2305 cre·

125 2320 235 2380 vissent
253 2323 362 2392 animi3
383 2328 503 2395 Poenus,
516 2326 584 2399 quia
595 2344 654 2383 non
673 2324 801 2393 vicisset,
814 2344 871 2401 pro

125 2399 203 2457 vieto
216 2411 314 2470 esset;
324 2406 499 2461 clamorem
521 2403 642 2478 repente
662 2402 803 2478 oppidem
815 2406 871 2461 toi

124 2480 199 2547 dunt,
213 2480 406 2555 hostemque
398 2499 429 2537 m
441 2480 541 2539 minas
553 2501 633 2541 mum
624 2482 831 2555 ‘'expellunt,
823 2500 871 2541 m-

123 2554 160 2615 de
169 2556 345 2631 rmpedrtum
353 2559 607 2637 trepidantemque
617 2562 789 2618 exturbant
781 2578 871 2637 .pos-

123 2634 222 2693 tremo
235 2635 336 2694 fusum
348 2636 567 2713 fugatumque
559 2658 590 2695 m
605 2648 702 2697 castra
715 2639 869 2715 redigunt.

124 2710 248 2772 Interim
261 2718 297 2772 ab
312 2718 408 2774 Roma
427 2719 540 2791 legatos
561 2716 676 2777 venisse
689 2716 869 2777 nunciatum

124 2803 179 2849 est
211 2794 325 2865 Quibus
337 2792 452 2852 obviam
473 2797 509 2853 ad
528 2814 608 2856 mare
622 2794 707 2857 missi
720 2796 756 2855 ab
769 2794 881 2857 Amu-
