1875 3267
395 274 435 329 35

79 422 178 487 Sparta
189 416 366 485 degeneratee
374 412 442 467 from
455 417 508 486 day
516 424 545 469 tc
555 418 606 487 day
616 418 685 471 from
699 418 736 471 its
749 432 794 469 an·

39 486 116 537 cient
128 481 238 536 virtues.
265 486 405 535 Governed
413 485 448 551 by
458 484 521 549 gold
534 487 584 536 and
596 487 733 549 ambitium
744 486 794 536 she

38 552 132 603 would
143 554 211 603 have
223 550 364 601 exercised
385 567 417 602 an
441 551 563 603 absolute
578 568 669 618 power
679 568 744 604 over
756 551 793 603 eil

39 622 157 670 Greece.
187 622 227 668 Το
246 618 408 685 accomplish
419 618 470 669 her
490 618 542 668 end
561 620 609 671 she
621 620 691 671 fem
701 627 749 671 not
760 626 793 677 to,

37 684 382 763 employthernoetodious
394 700 494 735 means.
514 686 791 753 Havinginprofound

34 750 791 886 {5352ffi¹¹iiss²¹¹tie⁰iii²2n⁰iffliiiissn‘iicfiinil

36 886 94 935 and
105 884 235 941 establish
243 884 320 935 there
331 885 377 936 the
390 892 458 935 most
467 884 598 951 arbitrary
611 894 790 953 goremnrent.

35 952 151 1001 Twelve
161 964 251 1017 young
261 966 323 1001 men
333 950 439 1003 headed
448 950 484 1017 by
492 952 634 1017 Pelopidas
642 952 790 1003 underteke

34 1028 64 1067 to
78 1018 143 1083 give
154 1016 252 1083 liberty
262 1025 291 1075 tu
307 1016 378 1069 their
392 1026 515 1084 country,
524 1017 576 1068 end
592 1026 707 1070 execute
718 1018 790 1070 their

34 1096 156 1149 purpose
164 1084 232 1136 with
243 1084 324 1152 equal
336 1098 445 1137 success
454 1084 682 1152 and-intrepidity.

77 1231 254 1291 Duodecim·
265 1233 474 1304 adolescentes,
493 1250 622 1309 quorum
642 1242 706 1292 erat
725 1234 789 1292 dnn

32 1308 204 1383 Pelopidas,
226 1310 298 1370 cum
311 1312 440 1373 Athenis
453 1311 581 1372 interdiu
591 1312 743 1381 exiissent,
756 1320 790 1372 ut

31 1400 262 1464 vesperascente
272 1393 348 1449 coelo
361 1394 481 1451 Thebas
490 1402 612 1468 possent
619 1390 787 1467 pervenire,

32 1487 108 1527 curn
123 1467 245 1527 canibus
258 1471 399 1529 venaticis
407 1467 553 1542 ciderunt,
565 1470 639 1529 retia
647 1469 787 1539 ferentes,

31 1545 147 1606 vestitu
159 1548 277 1623 agresti,
289 1568 347 1623 quo
354 1550 471 1609 minore
480 1550 648 1626 suspicione
653 1548 787 1609 facerent

32 1627 104 1683 iter.
147 1624 207 1696 Qui
220 1625 290 1684 curn
303 1640 439 1705 tempore
449 1628 524 1703 ipso,
537 1631 785 1704 quostuduerent,

31 1702 251 1779 pervenissent,
264 1707 388 1767 domurn
405 1708 552 1767 Charonis
564 1710 757 1779 devenerunt,
768 1707 787 1769 u

32 1804 94 1859 quo
108 1792 139 1841 et
151 1792 270 1860 ternpus
281 1797 311 1843 et
325 1787 389 1843 dies
400 1795 464 1843 erat
475 1789 569 1844 datus.
628 1783 631 1787 ’

71 1865 143 1921 Hoc
156 1866 222 1923 loco
242 1863 312 1923 libet
321 1864 520 1940 interponere,
533 1874 564 1921 et
576 1864 604 1925 si
615 1863 785 1942 sejunctum

30 1939 47 1998 a
61 1960 98 2000 re
111 1943 262 2016 proposita
280 1954 335 2014 est,
353 1943 446 2001 nin-ria
459 1944 567 2002 fiducia
577 1955 694 2019 quantae
708 1946 785 2003 cala·

28 2019 312 2081 mitatisoleatesse.
330 2024 415 2085 ,Nam
422 2022 653 2101 magistratuum
667 2024 784 2083 Theba·

29 2118 141 2157 norum
150 2103 368 2160 statimadures
375 2104 518 2176 pervenit,
524 2104 627 2161 exules
636 2101 666 2161 in
676 2107 783 2162 urbem

30 2180 199 2238 devenisse.
239 2182 276 2238 Id
288 2176 331 2238 illi
344 2180 423 2253 vinc,
442 2182 599 2258 epulisque
614 2181 714 2253 dediti,
733 2202 783 2241 us·

31 2277 89 2331 que
104 2257 140 2315 οὸ
151 2260 358 2333 despexerunt,
370 2270 404 2317 ut
416 2279 453 2318 ne
466 2279 602 2335 quaerere
613 2262 781 2333 quidem-de

29 2340 113 2395 tanta
127 2355 160 2395 re
172 2336 339 2397 laborarint.
365 2339 502 2399 Accessit
513 2340 613 2411 etiam,
627 2341 706 2414 quod
717 2359 782 2398 ma·

32 2416 78 2490 gis
102 2418 233 2491 aperiret
257 2435 363 2475 eorum
386 2417 576 2478 dementiam.
617 2420 714 2478 Allata
733 2429 780 2477 est

56 2600 67 2627 ¹
90 2602 195 2660 Thebes,
205 2617 258 2653 was
270 2604 315 2653 the
324 2602 571 2667 capitalofBoeotia.
590 2607 615 2655 tt
622 2605 677 2655 stili
685 2603 780 2662 existe,

29 2668 132 2733 though
147 2669 243 2719 atnrost
260 2670 286 2719 in
306 2672 386 2720 ruins.
423 2670 483 2721 The
503 2673 622 2721 nemeis
646 2672 724 2721 Thice
743 2686 775 2720 or

32 2738 123 2795 Stiuas,
135 2734 165 2788 in
176 2736 350 2807 Ipivadia-It
362 2740 385 2791 is
396 2752 467 2805 upon
477 2737 525 2790 the
535 2738 606 2791 river
619 2740 748 2789 Ismenus.
