<?xml version="1.0" encoding="UTF-8"?>
<!DOCTYPE html PUBLIC "-//W3C//DTD XHTML 1.0 Transitional//EN"
    "http://www.w3.org/TR/xhtml1/DTD/xhtml1-transitional.dtd">
<html xmlns="http://www.w3.org/1999/xhtml" xml:lang="en" lang="en">
 <head>
  <title>
</title>
<meta http-equiv="Content-Type" content="text/html;charset=utf-8" />
  <meta name='ocr-system' content='tesseract 3.04.00' />
  <meta name='ocr-capabilities' content='ocr_page ocr_carea ocr_par ocr_line ocrx_word'/>
</head>
<body>
  <div class='ocr_page' id='page_1' title='image "./narrationesexce00watsgoog_0094.png"; bbox 0 0 1875 3267; ppageno 0'>
   <div class='ocr_carea' id='block_1_1' title="bbox 459 252 497 305">
    <p class='ocr_par' dir='ltr' id='par_1_1' title="bbox 459 252 497 305">
     <span class='ocr_line' id='line_1_1' title="bbox 459 252 497 305; baseline -0.053 0"><span class='ocrx_word' id='word_1_1' title='bbox 459 252 497 305; x_wconf 79' lang='lat'>91</span> 
     </span>
    </p>
   </div>
   <div class='ocr_carea' id='block_1_2' title="bbox 84 394 848 1646">
    <p class='ocr_par' dir='ltr' id='par_1_2' title="bbox 84 394 848 1646">
     <span class='ocr_line' id='line_1_2' title="bbox 85 394 848 471; baseline 0.005 -21"><span class='ocrx_word' id='word_1_2' title='bbox 85 405 128 450; x_wconf 88' lang='lat' dir='ltr'>tu</span> <span class='ocrx_word' id='word_1_3' title='bbox 141 394 347 466; x_wconf 79' lang='lat' dir='ltr'>subeuntibus,</span> <span class='ocrx_word' id='word_1_4' title='bbox 360 394 450 470; x_wconf 88' lang='lat' dir='ltr'>coepit</span> <span class='ocrx_word' id='word_1_5' title='bbox 464 395 560 452; x_wconf 83' lang='lat' dir='ltr'>levare</span> <span class='ocrx_word' id='word_1_6' title='bbox 573 396 698 471; x_wconf 72' lang='lat' dir='ltr'>nauigia,</span> <span class='ocrx_word' id='word_1_7' title='bbox 711 404 848 463; x_wconf 64' lang='lat' dir='ltr'>momo-</span> 
     </span>
     <span class='ocr_line' id='line_1_3' title="bbox 86 471 845 550; baseline 0.004 -20"><span class='ocrx_word' id='word_1_8' title='bbox 86 473 133 530; x_wconf 91' lang='lat' dir='ltr'>tis</span> <span class='ocrx_word' id='word_1_9' title='bbox 148 473 264 550; x_wconf 82' lang='lat' dir='ltr'>campis</span> <span class='ocrx_word' id='word_1_10' title='bbox 284 471 439 544; x_wconf 87' lang='lat' dir='ltr'>inundans,</span> <span class='ocrx_word' id='word_1_11' title='bbox 462 474 553 532; x_wconf 86' lang='lat' dir='ltr'>etiarn</span> <span class='ocrx_word' id='word_1_12' title='bbox 566 474 684 549; x_wconf 63' lang='lat' dir='ltr'>impulit</span> <span class='ocrx_word' id='word_1_13' title='bbox 697 476 845 544; x_wconf 69' lang='lat' dir='ltr'>classem</span> 
     </span>
     <span class='ocr_line' id='line_1_4' title="bbox 84 551 846 628; baseline -0.003 -16"><span class='ocrx_word' id='word_1_14' title='bbox 84 555 279 627; x_wconf 82' lang='lat' dir='ltr'>plaususque</span> <span class='ocrx_word' id='word_1_15' title='bbox 290 551 421 612; x_wconf 85' lang='lat' dir='ltr'>militum</span> <span class='ocrx_word' id='word_1_16' title='bbox 439 551 696 625; x_wconf 79' lang='lat' dir='ltr'>nauticorumque.</span> <span class='ocrx_word' id='word_1_17' title='bbox 714 553 846 628; x_wconf 85' lang='lat' dir='ltr'>inspera-</span> 
     </span>
     <span class='ocr_line' id='line_1_5' title="bbox 85 629 845 708; baseline 0.003 -20"><span class='ocrx_word' id='word_1_18' title='bbox 85 643 159 690; x_wconf 83' lang='lat' dir='ltr'>tam</span> <span class='ocrx_word' id='word_1_19' title='bbox 173 633 299 690; x_wconf 85' lang='lat' dir='ltr'>salutem</span> <span class='ocrx_word' id='word_1_20' title='bbox 315 629 480 690; x_wconf 88' lang='lat' dir='ltr'>immodico</span> <span class='ocrx_word' id='word_1_21' title='bbox 498 631 708 690; x_wconf 71' lang='lat' dir='ltr'>oelobrantium</span> <span class='ocrx_word' id='word_1_22' title='bbox 726 631 845 708; x_wconf 83' lang='lat' dir='ltr'>gaudio,</span> 
     </span>
     <span class='ocr_line' id='line_1_6' title="bbox 85 709 847 785; baseline -0.001 -17"><span class='ocrx_word' id='word_1_23' title='bbox 85 710 243 768; x_wconf 83' lang='lat' dir='ltr'>littoribus</span> <span class='ocrx_word' id='word_1_24' title='bbox 255 711 385 785; x_wconf 77' lang='lat' dir='ltr'>ripisque</span> <span class='ocrx_word' id='word_1_25' title='bbox 398 713 567 771; x_wconf 82' lang='lat' dir='ltr'>resonabat:</span> <span class='ocrx_word' id='word_1_26' title='bbox 582 709 659 768; x_wconf 73' lang='lat' dir='ltr'>unde</span> <span class='ocrx_word' id='word_1_27' title='bbox 671 720 785 769; x_wconf 87' lang='lat' dir='ltr'>tantum</span> <span class='ocrx_word' id='word_1_28' title='bbox 798 729 847 767; x_wconf 88' lang='lat' dir='ltr'>re·</span> 
     </span>
     <span class='ocr_line' id='line_1_7' title="bbox 87 787 845 865; baseline 0 -19"><span class='ocrx_word' id='word_1_29' title='bbox 87 789 190 848; x_wconf 81' lang='lat' dir='ltr'>disset</span> <span class='ocrx_word' id='word_1_30' title='bbox 214 788 309 848; x_wconf 82' lang='lat' dir='ltr'>subito</span> <span class='ocrx_word' id='word_1_31' title='bbox 331 808 434 856; x_wconf 86' lang='lat' dir='ltr'>mare;</span> <span class='ocrx_word' id='word_1_32' title='bbox 456 788 516 864; x_wconf 76' lang='lat' dir='ltr'>quo</span> <span class='ocrx_word' id='word_1_33' title='bbox 548 790 644 864; x_wconf 83' lang='lat' dir='ltr'>pridie</span> <span class='ocrx_word' id='word_1_34' title='bbox 670 787 845 865; x_wconf 74' lang='lat' dir='ltr'>refugisset3</span> 
     </span>
     <span class='ocr_line' id='line_1_8' title="bbox 89 867 845 946; baseline -0.003 -20"><span class='ocrx_word' id='word_1_35' title='bbox 89 884 238 941; x_wconf 84' lang='lat' dir='ltr'>quaenam</span> <span class='ocrx_word' id='word_1_36' title='bbox 251 878 330 925; x_wconf 86' lang='lat' dir='ltr'>esset</span> <span class='ocrx_word' id='word_1_37' title='bbox 342 869 476 946; x_wconf 81' lang='lat' dir='ltr'>ejusdcm</span> <span class='ocrx_word' id='word_1_38' title='bbox 485 867 625 927; x_wconf 86' lang='lat' dir='ltr'>elementi</span> <span class='ocrx_word' id='word_1_39' title='bbox 638 877 749 936; x_wconf 86' lang='lat' dir='ltr'>natura,</span> <span class='ocrx_word' id='word_1_40' title='bbox 755 867 845 926; x_wconf 85' lang='lat' dir='ltr'>modb</span> 
     </span>
     <span class='ocr_line' id='line_1_9' title="bbox 86 945 845 1022; baseline -0.003 -18"><span class='ocrx_word' id='word_1_41' title='bbox 86 946 221 1014; x_wconf 86' lang='lat' dir='ltr'>discors,</span> <span class='ocrx_word' id='word_1_42' title='bbox 230 945 319 1006; x_wconf 74' lang='lat' dir='ltr'>modii</span> <span class='ocrx_word' id='word_1_43' title='bbox 328 947 453 1022; x_wconf 86' lang='lat' dir='ltr'>imperio</span> <span class='ocrx_word' id='word_1_44' title='bbox 462 957 634 1022; x_wconf 87' lang='lat' dir='ltr'>temporum</span> <span class='ocrx_word' id='word_1_45' title='bbox 643 945 776 1011; x_wconf 82' lang='lat' dir='ltr'>obnoxia,</span> <span class='ocrx_word' id='word_1_46' title='bbox 788 946 845 1002; x_wconf 87' lang='lat' dir='ltr'>mi·</span> 
     </span>
     <span class='ocr_line' id='line_1_10' title="bbox 89 1024 845 1099; baseline -0.001 -17"><span class='ocrx_word' id='word_1_47' title='bbox 89 1024 224 1082; x_wconf 83' lang='lat' dir='ltr'>rabundi</span> <span class='ocrx_word' id='word_1_48' title='bbox 237 1024 433 1096; x_wconf 79' lang='lat' dir='ltr'>requirebant.</span> <span class='ocrx_word' id='word_1_49' title='bbox 474 1027 540 1083; x_wconf 86' lang='lat' dir='ltr'>Rex</span> <span class='ocrx_word' id='word_1_50' title='bbox 554 1043 647 1099; x_wconf 89' lang='lat' dir='ltr'>quum</span> <span class='ocrx_word' id='word_1_51' title='bbox 665 1044 705 1081; x_wconf 86' lang='lat' dir='ltr'>ex</span> <span class='ocrx_word' id='word_1_52' title='bbox 718 1044 754 1082; x_wconf 86' lang='lat' dir='ltr'>eo</span> <span class='ocrx_word' id='word_1_53' title='bbox 767 1025 845 1098; x_wconf 90' lang='lat' dir='ltr'>quod</span> 
     </span>
     <span class='ocr_line' id='line_1_11' title="bbox 94 1100 845 1179; baseline 0.001 -19"><span class='ocrx_word' id='word_1_54' title='bbox 94 1100 247 1160; x_wconf 88' lang='lat' dir='ltr'>acciderat</span> <span class='ocrx_word' id='word_1_55' title='bbox 260 1101 447 1179; x_wconf 83' lang='lat' dir='ltr'>conjectaret</span> <span class='ocrx_word' id='word_1_56' title='bbox 461 1115 529 1177; x_wconf 86' lang='lat' dir='ltr'>post</span> <span class='ocrx_word' id='word_1_57' title='bbox 542 1104 612 1162; x_wconf 88' lang='lat' dir='ltr'>solis</span> <span class='ocrx_word' id='word_1_58' title='bbox 624 1115 723 1166; x_wconf 84' lang='lat' dir='ltr'>ortum</span> <span class='ocrx_word' id='word_1_59' title='bbox 736 1112 845 1161; x_wconf 88' lang='lat' dir='ltr'>statum</span> 
     </span>
     <span class='ocr_line' id='line_1_12' title="bbox 90 1181 846 1256; baseline -0.001 -18"><span class='ocrx_word' id='word_1_60' title='bbox 90 1189 219 1256; x_wconf 66' lang='lat' dir='ltr'>tempus</span> <span class='ocrx_word' id='word_1_61' title='bbox 228 1199 311 1249; x_wconf 83' lang='lat' dir='ltr'>esse;</span> <span class='ocrx_word' id='word_1_62' title='bbox 333 1181 432 1240; x_wconf 84' lang='lat' dir='ltr'>media</span> <span class='ocrx_word' id='word_1_63' title='bbox 442 1192 538 1250; x_wconf 85' lang='lat' dir='ltr'>nocte,</span> <span class='ocrx_word' id='word_1_64' title='bbox 552 1194 585 1239; x_wconf 92' lang='lat' dir='ltr'>ut</span> <span class='ocrx_word' id='word_1_65' title='bbox 599 1194 707 1240; x_wconf 85' lang='lat' dir='ltr'>aestum</span> <span class='ocrx_word' id='word_1_66' title='bbox 719 1198 846 1255; x_wconf 84' lang='lat' dir='ltr'>occupa-</span> 
     </span>
     <span class='ocr_line' id='line_1_13' title="bbox 95 1258 844 1351; baseline 0 -35"><span class='ocrx_word' id='word_1_67' title='bbox 95 1269 154 1328; x_wconf 89' lang='lat' dir='ltr'>ret,</span> <span class='ocrx_word' id='word_1_68' title='bbox 167 1275 240 1318; x_wconf 91' lang='lat' dir='ltr'>cum</span> <span class='ocrx_word' id='word_1_69' title='bbox 252 1258 355 1335; x_wconf 86' lang='lat' dir='ltr'>paucis</span> <span class='ocrx_word' id='word_1_70' title='bbox 364 1259 627 1351; x_wconf 80' lang='lat' dir='ltr'>navigiissecundo</span> <span class='ocrx_word' id='word_1_71' title='bbox 635 1278 724 1318; x_wconf 87' lang='lat' dir='ltr'>amne</span> <span class='ocrx_word' id='word_1_72' title='bbox 733 1259 844 1317; x_wconf 82' lang='lat' dir='ltr'>deflux-</span> 
     </span>
     <span class='ocr_line' id='line_1_14' title="bbox 91 1335 846 1430; baseline -0.001 -36"><span class='ocrx_word' id='word_1_73' title='bbox 91 1337 137 1399; x_wconf 54' lang='lat' dir='ltr'>ita·</span> <span class='ocrx_word' id='word_1_74' title='bbox 159 1349 338 1430; x_wconf 79' lang='lat' dir='ltr'>evectusque</span> <span class='ocrx_word' id='word_1_75' title='bbox 364 1358 398 1397; x_wconf 90' lang='lat' dir='ltr'>os</span> <span class='ocrx_word' id='word_1_76' title='bbox 418 1340 493 1416; x_wconf 85' lang='lat' dir='ltr'>ejus,</span> <span class='ocrx_word' id='word_1_77' title='bbox 517 1340 731 1415; x_wconf 81' lang='lat' dir='ltr'>quadringenta</span> <span class='ocrx_word' id='word_1_78' title='bbox 754 1335 846 1394; x_wconf 86' lang='lat' dir='ltr'>stadia</span> 
     </span>
     <span class='ocr_line' id='line_1_15' title="bbox 91 1417 842 1492; baseline -0.003 -17"><span class='ocrx_word' id='word_1_79' title='bbox 91 1417 239 1492; x_wconf 84' lang='lat' dir='ltr'>processit</span> <span class='ocrx_word' id='word_1_80' title='bbox 251 1417 282 1475; x_wconf 89' lang='lat' dir='ltr'>in</span> <span class='ocrx_word' id='word_1_81' title='bbox 301 1437 394 1486; x_wconf 87' lang='lat' dir='ltr'>mare,</span> <span class='ocrx_word' id='word_1_82' title='bbox 414 1421 532 1476; x_wconf 88' lang='lat' dir='ltr'>tandem</span> <span class='ocrx_word' id='word_1_83' title='bbox 551 1418 611 1476; x_wconf 75' lang='lat' dir='ltr'>voti</span> <span class='ocrx_word' id='word_1_84' title='bbox 633 1419 679 1476; x_wconf 89' lang='lat' dir='ltr'>sui</span> <span class='ocrx_word' id='word_1_85' title='bbox 700 1435 842 1490; x_wconf 82' lang='lat' dir='ltr'>compos3</span> 
     </span>
     <span class='ocr_line' id='line_1_16' title="bbox 93 1495 845 1570; baseline 0.001 -20"><span class='ocrx_word' id='word_1_86' title='bbox 93 1495 330 1570; x_wconf 82' lang='lat' dir='ltr'>praesidibusque</span> <span class='ocrx_word' id='word_1_87' title='bbox 339 1497 430 1554; x_wconf 86' lang='lat' dir='ltr'>maris</span> <span class='ocrx_word' id='word_1_88' title='bbox 442 1511 473 1555; x_wconf 90' lang='lat' dir='ltr'>et</span> <span class='ocrx_word' id='word_1_89' title='bbox 485 1500 619 1557; x_wconf 78' lang='lat' dir='ltr'>locorum</span> <span class='ocrx_word' id='word_1_90' title='bbox 630 1498 688 1556; x_wconf 87' lang='lat' dir='ltr'>diis</span> <span class='ocrx_word' id='word_1_91' title='bbox 700 1495 845 1556; x_wconf 86' lang='lat' dir='ltr'>sacrificio</span> 
     </span>
     <span class='ocr_line' id='line_1_17' title="bbox 93 1571 481 1646; baseline 0.005 -14"><span class='ocrx_word' id='word_1_92' title='bbox 93 1571 185 1646; x_wconf 78' lang='lat' dir='ltr'>facto,</span> <span class='ocrx_word' id='word_1_93' title='bbox 196 1575 234 1632; x_wconf 89' lang='lat' dir='ltr'>ad</span> <span class='ocrx_word' id='word_1_94' title='bbox 246 1577 370 1638; x_wconf 78' lang='lat' dir='ltr'>classem</span> <span class='ocrx_word' id='word_1_95' title='bbox 383 1574 481 1634; x_wconf 87' lang='lat' dir='ltr'>rediit.</span> 
     </span>
    </p>
   </div>
   <div class='ocr_carea' id='block_1_3' title="bbox 429 1719 507 1753">
    <p class='ocr_par' dir='ltr' id='par_1_3' title="bbox 429 1719 507 1753">
     <span class='ocr_line' id='line_1_18' title="bbox 429 1719 507 1753; baseline 0.051 -4"><span class='ocrx_word' id='word_1_96' title='bbox 429 1719 507 1753; x_wconf 51' lang='grc' dir='ltr'><strong><em>π</em></strong></span> 
     </span>
    </p>
   </div>
   <div class='ocr_carea' id='block_1_4' title="bbox 260 1807 772 1875">
    <p class='ocr_par' dir='ltr' id='par_1_4' title="bbox 260 1807 772 1875">
     <span class='ocr_line' id='line_1_19' title="bbox 260 1807 772 1875; baseline 0.004 -4"><span class='ocrx_word' id='word_1_97' title='bbox 260 1807 543 1873; x_wconf 77' lang='lat' dir='ltr'><strong>NARRATION</strong></span> <span class='ocrx_word' id='word_1_98' title='bbox 563 1811 678 1875; x_wconf 89' lang='lat' dir='ltr'>XXII.</span> <span class='ocrx_word' id='word_1_99' title='bbox 768 1865 772 1873; x_wconf 87' lang='grc'><em>,</em></span> 
     </span>
    </p>
   </div>
   <div class='ocr_carea' id='block_1_5' title="bbox 159 1937 784 2130">
    <p class='ocr_par' dir='ltr' id='par_1_5' title="bbox 159 1937 784 2130">
     <span class='ocr_line' id='line_1_20' title="bbox 159 1937 784 2026; baseline 0.005 -29"><span class='ocrx_word' id='word_1_100' title='bbox 159 1937 229 1998; x_wconf 74' lang='lat' dir='ltr'>Tne</span> <span class='ocrx_word' id='word_1_101' title='bbox 243 1938 334 2000; x_wconf 75' lang='lat' dir='ltr'>death</span> <span class='ocrx_word' id='word_1_102' title='bbox 351 1937 392 2026; x_wconf 88' lang='lat' dir='ltr'>os</span> <span class='ocrx_word' id='word_1_103' title='bbox 397 1938 586 2015; x_wconf 80' lang='lat' dir='ltr'>Alexander,</span> <span class='ocrx_word' id='word_1_104' title='bbox 601 1938 641 2000; x_wconf 81' lang='lat' dir='ltr'>A.</span> <span class='ocrx_word' id='word_1_105' title='bbox 659 1939 692 2001; x_wconf 87' lang='lat' dir='ltr'>C.</span> <span class='ocrx_word' id='word_1_106' title='bbox 711 1946 784 2003; x_wconf 79' lang='lat'>324.</span> 
     </span>
     <span class='ocr_line' id='line_1_21' title="bbox 178 2059 690 2130; baseline 0 -15"><span class='ocrx_word' id='word_1_107' title='bbox 178 2093 181 2100; x_wconf 95' lang='lat'>·</span> <span class='ocrx_word' id='word_1_108' title='bbox 250 2059 334 2125; x_wconf 86' lang='lat' dir='ltr'>(Ano.</span> <span class='ocrx_word' id='word_1_109' title='bbox 349 2063 419 2114; x_wconf 87' lang='lat' dir='ltr'>Hist.</span> <span class='ocrx_word' id='word_1_110' title='bbox 433 2066 465 2130; x_wconf 76' lang='lat' dir='ltr'>Q</span> <span class='ocrx_word' id='word_1_111' title='bbox 479 2066 542 2115; x_wconf 90' lang='lat' dir='ltr'>Cur.</span> <span class='ocrx_word' id='word_1_112' title='bbox 555 2062 690 2128; x_wconf 72' lang='lat' dir='ltr'>boeleio.)</span> 
     </span>
    </p>
   </div>
   <div class='ocr_carea' id='block_1_6' title="bbox 97 2163 847 2628">
    <p class='ocr_par' dir='ltr' id='par_1_6' title="bbox 97 2163 847 2628">
     <span class='ocr_line' id='line_1_22' title="bbox 133 2163 840 2226; baseline 0.003 -12"><span class='ocrx_word' id='word_1_113' title='bbox 133 2163 331 2224; x_wconf 64' lang='lat' dir='ltr'>nassiternas,</span> <span class='ocrx_word' id='word_1_114' title='bbox 350 2175 377 2217; x_wconf 85' lang='lat' dir='ltr'>at</span> <span class='ocrx_word' id='word_1_115' title='bbox 389 2167 430 2219; x_wconf 81' lang='lat' dir='ltr'>bis</span> <span class='ocrx_word' id='word_1_116' title='bbox 442 2175 535 2217; x_wconf 88' lang='lat' dir='ltr'>return</span> <span class='ocrx_word' id='word_1_117' title='bbox 551 2175 579 2216; x_wconf 92' lang='lat' dir='ltr'>to</span> <span class='ocrx_word' id='word_1_118' title='bbox 592 2167 693 2226; x_wconf 86' lang='lat' dir='ltr'>Persia,</span> <span class='ocrx_word' id='word_1_119' title='bbox 705 2165 840 2220; x_wconf 82' lang='lat' dir='ltr'>remedies</span> 
     </span>
     <span class='ocr_line' id='line_1_23' title="bbox 97 2231 841 2284; baseline 0 -2"><span class='ocrx_word' id='word_1_120' title='bbox 97 2231 144 2282; x_wconf 86' lang='lat' dir='ltr'>the</span> <span class='ocrx_word' id='word_1_121' title='bbox 155 2231 384 2284; x_wconf 74' lang='lat' dir='ltr'>disorderswhieh</span> <span class='ocrx_word' id='word_1_122' title='bbox 394 2233 447 2282; x_wconf 83' lang='lat' dir='ltr'>bad</span> <span class='ocrx_word' id='word_1_123' title='bbox 458 2234 524 2284; x_wconf 83' lang='lat' dir='ltr'>been</span> <span class='ocrx_word' id='word_1_124' title='bbox 535 2233 690 2283; x_wconf 81' lang='lat' dir='ltr'>introduced</span> <span class='ocrx_word' id='word_1_125' title='bbox 703 2233 728 2282; x_wconf 90' lang='lat' dir='ltr'>in</span> <span class='ocrx_word' id='word_1_126' title='bbox 741 2233 782 2283; x_wconf 86' lang='lat' dir='ltr'>bis</span> <span class='ocrx_word' id='word_1_127' title='bbox 795 2235 841 2284; x_wconf 83' lang='lat' dir='ltr'>ab·</span> 
     </span>
     <span class='ocr_line' id='line_1_24' title="bbox 100 2298 840 2352; baseline 0 -4"><span class='ocrx_word' id='word_1_128' title='bbox 100 2311 185 2348; x_wconf 75' lang='lat' dir='ltr'>sense.</span> <span class='ocrx_word' id='word_1_129' title='bbox 220 2301 264 2350; x_wconf 85' lang='lat' dir='ltr'>He</span> <span class='ocrx_word' id='word_1_130' title='bbox 275 2299 329 2352; x_wconf 81' lang='lat' dir='ltr'>had</span> <span class='ocrx_word' id='word_1_131' title='bbox 339 2300 385 2350; x_wconf 89' lang='lat' dir='ltr'>tbe</span> <span class='ocrx_word' id='word_1_132' title='bbox 396 2299 550 2350; x_wconf 76' lang='lat' dir='ltr'>missortune</span> <span class='ocrx_word' id='word_1_133' title='bbox 569 2310 597 2349; x_wconf 89' lang='lat' dir='ltr'>to</span> <span class='ocrx_word' id='word_1_134' title='bbox 613 2299 669 2350; x_wconf 87' lang='lat' dir='ltr'>lose</span> <span class='ocrx_word' id='word_1_135' title='bbox 680 2300 723 2350; x_wconf 80' lang='lat' dir='ltr'>liis</span> <span class='ocrx_word' id='word_1_136' title='bbox 731 2298 840 2349; x_wconf 82' lang='lat' dir='ltr'>dearest</span> 
     </span>
     <span class='ocr_line' id='line_1_25' title="bbox 99 2363 847 2428; baseline -0.001 -14"><span class='ocrx_word' id='word_1_137' title='bbox 99 2363 227 2414; x_wconf 81' lang='lat' dir='ltr'>favourite</span> <span class='ocrx_word' id='word_1_138' title='bbox 240 2365 418 2428; x_wconf 66' lang='lat' dir='ltr'>Hephaestion.</span> <span class='ocrx_word' id='word_1_139' title='bbox 454 2369 497 2416; x_wconf 89' lang='lat' dir='ltr'>He</span> <span class='ocrx_word' id='word_1_140' title='bbox 510 2365 592 2415; x_wconf 76' lang='lat' dir='ltr'>forins</span> <span class='ocrx_word' id='word_1_141' title='bbox 606 2382 663 2415; x_wconf 87' lang='lat' dir='ltr'>new</span> <span class='ocrx_word' id='word_1_142' title='bbox 679 2367 802 2416; x_wconf 82' lang='lat' dir='ltr'>schemes</span> <span class='ocrx_word' id='word_1_143' title='bbox 814 2363 847 2414; x_wconf 83' lang='lat' dir='ltr'>ot&#39;</span> 
     </span>
     <span class='ocr_line' id='line_1_26' title="bbox 100 2431 840 2548; baseline -0.007 0"><span class='ocrx_word' id='word_1_144' title='bbox 100 2431 840 2548; x_wconf 49' lang='lat' dir='ltr'>²²⁰¹¹t⁰⁶⁵2iw¹222bibistiilir‘ittblbss</span> 
     </span>
     <span class='ocr_line' id='line_1_27' title="bbox 101 2497 841 2628; baseline -0.007 -14"><span class='ocrx_word' id='word_1_145' title='bbox 101 2497 310 2628; x_wconf 44' lang='lat' dir='ltr'>liuilnepgiiioried,</span> <span class='ocrx_word' id='word_1_146' title='bbox 320 2564 353 2628; x_wconf 86' lang='lat' dir='ltr'>by</span> <span class='ocrx_word' id='word_1_147' title='bbox 363 2515 521 2622; x_wconf 64' lang='lat' dir='ltr'>cissaeinder,</span> <span class='ocrx_word' id='word_1_148' title='bbox 534 2565 579 2614; x_wconf 89' lang='lat' dir='ltr'>the</span> <span class='ocrx_word' id='word_1_149' title='bbox 588 2514 641 2615; x_wconf 71' lang='lat' dir='ltr'>soril</span> <span class='ocrx_word' id='word_1_150' title='bbox 642 2513 678 2614; x_wconf 69' lang='lat' dir='ltr'>iil</span> <span class='ocrx_word' id='word_1_151' title='bbox 687 2565 841 2627; x_wconf 78' lang='lat' dir='ltr'>Antipater.</span> 
     </span>
    </p>
   </div>
   <div class='ocr_carea' id='block_1_7' title="bbox 97 2666 841 2822">
    <p class='ocr_par' dir='ltr' id='par_1_7' title="bbox 97 2666 841 2822">
     <span class='ocr_line' id='line_1_28' title="bbox 137 2666 841 2759; baseline -0.006 -33"><span class='ocrx_word' id='word_1_152' title='bbox 137 2669 239 2742; x_wconf 86' lang='lat' dir='ltr'>Quum</span> <span class='ocrx_word' id='word_1_153' title='bbox 258 2670 432 2728; x_wconf 87' lang='lat' dir='ltr'>Nearchum</span> <span class='ocrx_word' id='word_1_154' title='bbox 444 2667 613 2759; x_wconf 78' lang='lat' dir='ltr'>excepisset</span> <span class='ocrx_word' id='word_1_155' title='bbox 624 2666 756 2726; x_wconf 79' lang='lat' dir='ltr'>convivio</span> <span class='ocrx_word' id='word_1_156' title='bbox 766 2667 841 2754; x_wconf 75' lang='lat' dir='ltr'>jam·</span> 
     </span>
     <span class='ocr_line' id='line_1_29' title="bbox 97 2733 841 2822; baseline -0.007 -16"><span class='ocrx_word' id='word_1_157' title='bbox 97 2766 157 2822; x_wconf 87' lang='lat' dir='ltr'>que</span> <span class='ocrx_word' id='word_1_158' title='bbox 169 2749 321 2808; x_wconf 85' lang='lat' dir='ltr'>cubitum&#39;</span> <span class='ocrx_word' id='word_1_159' title='bbox 313 2760 411 2807; x_wconf 80' lang='lat' dir='ltr'>iturus</span> <span class='ocrx_word' id='word_1_160' title='bbox 430 2760 518 2817; x_wconf 83' lang='lat' dir='ltr'>esset,</span> <span class='ocrx_word' id='word_1_161' title='bbox 533 2746 628 2816; x_wconf 73' lang='lat' dir='ltr'>Medii</span> <span class='ocrx_word' id='word_1_162' title='bbox 639 2733 778 2806; x_wconf 77' lang='lat' dir='ltr'>Larissai</span> <span class='ocrx_word' id='word_1_163' title='bbox 792 2746 841 2802; x_wconf 91' lang='lat' dir='ltr'>ob·</span> 
     </span>
    </p>
   </div>
   <div class='ocr_carea' id='block_1_8' title="bbox 0 0 954 3267">
    <p class='ocr_par' dir='ltr' id='par_1_8' title="bbox 0 0 954 3267">
     <span class='ocr_line' id='line_1_30' title="bbox 0 0 954 3267; baseline 0 0"><span class='ocrx_word' id='word_1_164' title='bbox 0 0 954 3267; x_wconf 95' lang='lat' dir='ltr'> </span> 
     </span>
    </p>
   </div>
  </div>
 </body>
</html>
