1875 3267
430 136 487 236 m

72 329 173 386 etiam
188 327 290 393 telum,
299 342 510 399 respersusque
522 322 703 398 ipse'eruore
719 338 780 385 tota
793 330 823 384 in

74 425 111 464 se
126 415 224 462 castra
234 405 396 471 convertit;¹
408 414 438 460 et
446 413 523 478 togae
536 401 726 472 multifariam
736 405 766 462 in
775 427 823 462 ca·

74 483 150 550 stris
168 482 248 550 visae,
259 481 378 557 majoris
388 478 535 555 aliquanti)
544 481 630 554 quam
645 496 715 554 erat,
728 485 824 559 speei-

72 581 125 618 em
138 563 257 618 urbanae
270 557 465 617 multitudinis
478 558 825 632 fecerant.Quaerentibus

75 639 151 712 quid
174 639 217 694 rei
238 649 324 705 esset,
343 639 417 695 flens
437 636 487 694 diu
508 655 615 694 vocem
634 657 691 695 non
722 641 823 697 misit:

74 719 201 774 tandem
216 727 248 772 ut
260 717 322 790 jam
335 736 372 773 ex
384 715 577 789 trepidatione
587 720 824 775 concurrentium

75 798 168 851 turba
182 794 320 861 constitit,
330 815 362 852 ac
373 794 520 857 silentirun
531 792 594 859 fuit,
603 795 703 851 ordine
712 807 824 863 cuncta,

78 885 115 930 ut
130 885 215 948 gesta
228 883 318 939 erant,
331 872 474 946 exposuit.
508 873 635 946 Supinas
648 872 750 930 deindd
763 886 825 930 ten·

80 954 157 1008 dens
178 968 291 1010 manus.
306 951 520 1009 commilitones
541 953 691 1025 appellans
710 955 824 1008 orabat:

82 1031 134 1085 Ne
150 1030 227 1102 quod
241 1031 336 1084 scelus
351 1027 440 1103 Appii
454 1029 568 1088 Claudii
579 1039 666 1093 esset,
679 1028 733 1085 sibi
746 1029 827 1085 attri-

81 1109 230 1163 buerent:
245 1115 344 1162 nense
357 1117 391 1162 ut
403 1106 578 1181 parricidam
592 1108 718 1164 liberum
744 1124 826 1163 aver·

84 1195 231 1240 sarentur.
273 1183 333 1242 Sibi
346 1185 434 1242 uitam
449 1185 517 1242 filiae
531 1187 585 1241 sua
599 1189 743 1242 cariorem
757 1183 828 1240 fuis·

85 1281 129 1330 se,
155 1262 180 1318 si
200 1263 297 1318 liberae
311 1281 345 1319 ac
371 1263 487 1336 pudicae
509 1263 605 1320 virere
619 1262 733 1321 licitum
756 1261 828 1318 fuis·

85 1351 132 1401 set
144 1362 152 1407 ;
174 1338 266 1414 qudm
286 1343 366 1398 velut
379 1337 498 1398 servam
511 1343 547 1398 ad
560 1352 696 1416 stuprum
707 1342 772 1416 rapi
784 1340 827 1396 vi-

84 1421 177 1485 deret,
191 1429 285 1475 morte
307 1417 522 1490 amittimelitls
535 1431 641 1488 ratum,
655 1418 744 1493 quam
759 1437 830 1476 con·

86 1496 211 1554 tumelia
232 1497 346 1564 liberos,
366 1497 569 1554 misericordia
591 1516 621 1554 se
642 1496 826 1570 inspeciem

87 1574 267 1630 crudelitatis
279 1577 402 1648 lapsum.
436 1577 501 1632 Nec
515 1594 546 1630 se
560 1575 747 1648 superstitem
758 1575 828 1631 filiae

90 1653 226 1708 futurum
237 1651 335 1718 fuisse,
348 1652 403 1708 nisi
418 1670 503 1724 spem
516 1652 693 1710 ulciscendae
721 1653 829 1709 mortis

90 1731 159 1806 ejus
171 1729 202 1785 in
215 1729 322 1786 auxilio
336 1730 570 1786 commilitonum
584 1731 737 1786 habuisset.
766 1729 829 1786 Illis

91 1825 207 1882 quoqne
222 1808 301 1864 enim
315 1807 398 1874 filias³
408 1827 531 1874 sorores,
540 1806 741 1882 conjugesque
752 1826 829 1875 esse;

91 1903 146 1943 nec
161 1905 230 1942 eum
244 1885 304 1942 filia
318 1890 370 1942 sua
382 1885 533 1943 libidinem
548 1883 639 1958 Appii
650 1884 766 1942 Claudii
779 1905 830 1942 ex·

91 1965 209 2020 tinctam
224 1983 306 2030 esse;
330 1965 380 2020 sed
404 1962 462 2034 qud
475 1961 647 2036 impunitior
660 1962 717 2024 sit;
739 1963 774 2020 ed
787 1963 830 2020 ef-

92 2042 276 2100 frenatiorem
286 2042 356 2100 fore.
377 2041 485 2098 Aliena
496 2042 657 2100 calamitate
671 2043 829 2099 documen·

93 2134 155 2180 tum
164 2123 263 2178 datum
273 2119 330 2177 illis
339 2121 474 2178 carendae
486 2119 590 2177 similis
602 2120 718 2196 injuriae
729 2143 737 2189 3
753 2123 830 2194 quod

95 2201 129 2256 ad
137 2218 166 2256 se
174 2199 298 2265 attineat,
307 2217 433 2255 uxorem
444 2198 497 2256 sibi
507 2196 565 2257 fato
575 2211 714 2272 ereptam:
729 2199 830 2267 filiam,

97 2276 229 2351 quianon
242 2275 318 2333 ultul
335 2276 440 2349 pudica
460 2276 572 2332 victura
591 2277 687 2343 fuerit,
709 2277 830 2344 miseret,

98 2357 146 2414 sed
155 2357 285 2421 honesti,
299 2365 392 2411 morte
405 2354 586 2412 occubuisse,
607 2357 675 2411 Non
688 2374 754 2412 esse
766 2355 830 2432 jam

99 2428 185 2507 Appii
198 2431 415 2490 libidiniloeum
429 2431 458 2487 in
472 2434 562 2490 domo
574 2435 627 2489 sua
640 2455 647 2500 ;
662 2436 697 2489 ab
706 2434 760 2490 alia
772 2429 833 2486 vio·

97 2510 182 2572 lentii
196 2510 269 2584 ejus,
279 2512 381 2567 eodem
392 2529 422 2566 se
436 2509 535 2566 animo
548 2529 635 2566 suum
650 2529 757 2584 corpus
770 2509 832 2562 vln-

99 2593 268 2654 dieaturum,
282 2605 339 2661 quo
352 2588 540 2644 vindicaverit
554 2589 631 2644 filiae.
652 2586 762 2647 Caeteri
777 2583 830 2641 sibi

100 2688 130 2729 ac
150 2666 246 2725 liberis
268 2667 329 2724 suis
352 2667 564 2741 consulerent,
595 2667 671 2723 Haec
692 2660 831 2735 Virginis
