1875 3267
427 297 490 360 359

73 453 199 502 nostros
213 446 304 503 valuit
293 449 437 516 tuamor,
460 448 511 521 qui
530 461 596 520 post
617 460 735 524 tergum
749 467 826 542 pug-

71 521 216 582 nantibus
241 525 362 592 exstitit,
388 527 464 598 quud
492 545 579 584 suurn
604 530 799 601 periculum'
793 548 825 585 m

74 602 178 658 alieni
191 604 288 660 vident
300 605 404 662 virtute
419 604 588 674 consistere
621 607 730 665 Omnia
742 605 823 664 eninr

73 681 256 756 plerumque
280 702 347 756 quae
371 687 484 751 absunt,
505 683 708 742 vehementius
730 687 824 742 homi·

73 775 155 816 num
169 771 283 818 mentes
296 764 474 835 perturbant.
514 764 617 820 Caesar
630 761 765 820 idoneum
783 768 825 822 lo·

73 855 150 894 cum
172 852 286 908 nactus,
307 841 378 914 quid
398 845 515 915 quaque
537 840 567 896 in
588 851 669 912 parte
696 854 825 916 geratur,

75 918 242 989 cognoscit,
255 919 448 979 laborantibus
460 917 614 978 submittit.
636 920 777 995 Utrisque
788 926 838 988 ad,

74 995 215 1065 animum
236 999 373 1064 occurrit,
395 1015 490 1058 unum
513 997 585 1054 illud
608 1017 672 1055 esse
694 1008 825 1072 tempus,

75 1093 140 1148 quo
162 1075 291 1132 maximi·
313 1077 447 1134 contendi
468 1075 629 1134 coureniat.
670 1077 748 1134 Galli
768 1077 824 1136 nisi

74 1151 279 1228 perfregerint
293 1155 481 1221 munitiones,
502 1156 538 1210 de
557 1155 636 1212 omni
655 1158 747 1214 salute
761 1156 824 1212 des·

75 1243 192 1304 perant.
214 1233 383 1326 Romani,'
362 1254 386 1291 sr
400 1253 464 1293 rem
478 1234 665 1302 obtinuerint,
680 1234 769 1292 finem
783 1237 823 1292 la·

75 1311 186 1366 borum
199 1314 333 1370 omnium
348 1324 514 1388 expectant
543 1312 678 1371 Maxime
688 1317 723 1371 ad
738 1333 823 1388 supe-

77 1387 173 1446 riores
182 1391 360 1450 munitiones
373 1395 526 1460 laboratur,
549 1390 608 1465 quo
622 1393 823 1469 Vergasillau·

76 1484 154 1524 num
168 1469 293 1527 missum
303 1474 453 1529 demonstr
455 1489 577 1529 avimus
598 1471 752 1548 Exiguum
765 1473 823 1530 loci

77 1547 114 1603 ad
129 1547 324 1606 declivitatem
338 1550 499 1642 fastigium,
510 1567 654 1625 magnum
664 1553 822 1608 habetmo·

76 1637 224 1683 mentum.
266 1627 328 1686 Alii
342 1632 399 1686 tela
411 1628 581 1717 conjiciunt,
604 1628 652 1684 alii
673 1628 820 1685 testudine

76 1703 156 1761 facta
170 1707 302 1776 subeunt,
318 1706 502 1797 defatigatis
495 1705 621 1761 mricem
635 1706 742 1794 integri
757 1726 822 1763 suc-

77 1785 196 1840 cedunt
236 1789 342 1862 Agger
354 1788 389 1843 ab
406 1782 549 1843 universis
573 1782 602 1839 iu
625 1783 821 1842 munitionem

77 1859 240 1938 coniectus,
258 1877 287 1922 et
299 1867 474 1924 adscensum
490 1864 538 1919 dat
552 1861 654 1929 Gallis,
667 1874 696 1920 et
709 1881 776 1938 quae
791 1863 821 1921 iu

77 1953 188 1998 terram
202 1948 422 2002 occultaverunt
436 1937 570 2033 Romani,
582 1942 723 2016 contegit.
756 1943 823 2000 Nec

75 2019 139 2098 jam
152 2038 234 2080 arma
246 2022 363 2090 nostris,
385 2040 441 2078 nec
454 2021 532 2077 vires
555 2029 723 2094 suppetunt.
764 2022 821 2079 His

71 2103 167 2156 -rebus
181 2102 427 2176 cognrtrs‚Caesar
434 2100 596 2156 Labienum
611 2118 680 2156 cum
695 2101 822 2158 cohorti-

76 2182 134 2236 bus
150 2198 166 2236 v
181 2181 308 2238 subsidio
321 2178 514 2238 laborantibus
528 2177 625 2234 mittit.
646 2181 786 2252 Imperat,
797 2180 821 2236 si

78 2257 224 2315 sustinere
237 2279 295 2316 non
305 2258 407 2334 possit,
414 2257 548 2315 deducus
556 2257 725 2314 cohortibus
736 2275 821 2331 erup-

77 2337 155 2394 tione
168 2350 323 2413 pugnaret
352 2337 426 2394 Id
399 2335 455 2398 tusi
467 2335 644 2403 necessarii),
656 2353 713 2392 non
728 2335 820 2393 iaciat

78 2417 146 2491 Ipse
160 2415 218 2472 adit
232 2417 379 2490 reliquos:
402 2417 582 2503 cohortatur,
601 2433 639 2470 ne
653 2415 742 2470 labori
756 2434 821 2470 suc·

79 2497 232 2552 cumbunt:
253 2496 387 2554 omniurn
404 2493 585 2568 seperiorum
600 2493 820 2550 dimicationum

78 2571 234 2630 fructum
227 2591 258 2630 rn
281 2594 316 2632 eo
336 2574 392 2641 die,
414 2584 500 2646 atque
522 2575 595 2628 hora
613 2573 698 2628 docet
711 2571 820 2627 consis-

80 2663 150 2710 tere
171 2648 820 2740 Interiores,desperatiscanrpestribuslocis,

80 2721 197 2806 propter
204 2731 439 2806 magnitudinem
451 2727 663 2795 munitionum
672 2729 734 2781 loca
717 2745 818 2798 prae-

81 2827 164 2884 rupta
177 2830 214 2868 ex
228 2813 371 2872 adscensu
383 2816 503 2867 tentant.
531 2804 600 2864 Huc
614 2824 656 2873 ea,
667 2823 724 2876 que
737 2820 819 2876 para
