1875 3267
119 436 192 499 lndd
201 439 383 516 oppugnatio
394 438 447 497 eds
463 435 613 512 sliguantb
625 436 767 521 stropior,
777 436 869 513 quam

118 531 194 580 ante,
207 521 307 576 adorta
319 531 365 576 est
379 539 387 575 ε
408 536 464 575 nee
479 516 538 593 quai
551 516 695 591 primum,
707 527 761 575 aut
775 517 869 591 potis·

119 596 231 656 simum
250 608 334 672 parte
353 597 463 655 ferrent
482 614 568 671 opem
584 593 693 667 (quum
706 594 811 653 omnia
820 614 872 653 va-

40 719 43 724 ,
116 675 169 733 riis
192 676 372 735 clamoribus
391 675 568 751 streperent)
592 673 662 731 satis
691 676 769 733 scire
788 684 872 749 pote-

117 766 191 813 rant.
214 758 282 831 Ipse
297 756 434 817 Annibal,
447 758 505 828 nul
530 754 619 814 turris
639 754 757 811 mobilis
770 753 872 811 omnia

117 836 306 893 munimenta
325 835 389 892 urbi
408 849 553 911 superans
580 832 732 889 altitudine
760 834 872 906 ageba·

116 922 176 983 tur,
189 916 321 973 hortator
332 916 441 972 ederat.
461 918 534 986 Quae
543 910 638 987 quum
648 912 778 973 admota,
792 920 871 969 eata-

114 992 208 1068 pultis
220 993 389 1068 balistisque
398 1011 453 1067 per
462 991 697 1050 omniatabulata
706 988 872 1064 dispositis,

117 1090 222 1131 muros
243 1072 445 1130 defensoribus
465 1073 625 1130 nudasset:
647 1066 715 1125 tum
736 1067 871 1127 Annibal

116 1151 304 1209 occasionem
313 1161 401 1216 ratus,
408 1152 586 1225 quingentos
595 1145 689 1206 ferme
697 1146 790 1205 Afros
798 1166 872 1204 cum

110 1230 245 1287 dolabris
257 1231 294 1287 ad
307 1232 506 1287 subruendum
518 1232 553 1287 ab
562 1226 624 1283 imo
632 1244 757 1283 murum
765 1226 871 1283 mittit.

116 1309 184 1365 Nec
214 1319 277 1366 erat
296 1306 414 1365 difficile
438 1326 524 1382 opus,
546 1307 622 1383 quod
643 1319 789 1368 caementa
808 1322 871 1363 uon

109 1387 198 1444 calce
211 1388 313 1445 durata
326 1397 420 1454 erant,
428 1389 479 1445 sed
492 1386 619 1445 interlita
629 1388 700 1451 luto,
708 1394 870 1443 structurae

111 1463 245 1539 untiquae
259 1484 378 1541 genere.
401 1464 504 1541 Itaque
520 1463 607 1524 latids
624 1460 716 1539 quam
739 1465 872 1521 caedere-

109 1551 167 1599 tur
177 1546 296 1603 ruebat:
317 1561 432 1619 perque
444 1545 575 1619 patentia
588 1542 682 1601 ruinis
691 1544 815 1619 agmina
823 1558 873 1599 ar·

114 1634 268 1683 matorum
280 1624 311 1680 in
324 1626 431 1681 urbem
444 1625 595 1681 sedebant.
616 1626 731 1681 Locum
745 1638 871 1698 quoque

31 1760 35 1773 ‚
107 1700 230 1761 ⁴‹lditum
242 1704 379 1777 capiunt:
401 1704 626 1777 collatisqueeo
648 1700 805 1775 catapultis
819 1702 872 1758 ba·

115 1767 262 1858 librisque,
270 1794 305 1843 ut
314 1784 467 1840 castellum
477 1782 508 1839 in
517 1782 582 1859 ipsi
590 1783 662 1839 urbe
672 1782 753 1837 velut
762 1796 871 1837 arcem

114 1839 325 1948 iniminentem
345 1863 497 1929 haberent,
511 1878 598 1918 muro
610 1860 816 1918 circumdant:
837 1869 871 1916 et

116 1939 276 2013 Saguntini
289 1957 412 1997 murum
425 1939 599 1997 interiorem
612 1940 647 1996 ab
655 1934 789 1995 nondum
798 1954 872 2013 cap-

113 2017 147 2073 tt
161 2017 242 2074 urbis
255 2028 337 2093 parte
348 2020 468 2076 ducunt.
490 2017 651 2092 Utrimque
662 2018 782 2073 summi
797 2014 829 2071 vi
837 2026 871 2073 et

112 2094 252 2155 muniunt
278 2106 307 2154 et
332 2109 484 2172 pugnant:
506 2096 557 2154 sed
578 2094 719 2154 interiora
744 2094 870 2161 tuendo,

112 2173 262 2232 tumorem
274 2173 305 2231 in
319 2173 382 2233 dies
396 2178 502 2233 urbem
514 2172 670 2251 Saguntini
683 2172 806 2231 faciunt.
821 2173 871 2231 Si-

113 2253 178 2309 mul
198 2252 305 2311 crescit
323 2251 425 2327 inopia
444 2254 580 2312 omnium
602 2256 691 2328 longa
704 2252 870 2322 obsidione,

114 2340 146 2387 et
159 2331 303 2391 minuitur
322 2331 506 2407 enspectatio
524 2343 659 2390 externae
677 2332 754 2406 opis,
769 2328 871 2405 quum

114 2407 178 2467 tim
198 2413 302 2483 procul
322 2412 460 2476 Romani,
473 2410 561 2469 unica
581 2426 658 2484 spes,
671 2408 753 2468 circa
767 2409 871 2469 olnnia

118 2486 252 2547 hostium
264 2500 372 2547 essent.
393 2489 545 2563 Paulisper¹
558 2500 658 2546 tannen
671 2488 795 2547 affectos
806 2488 870 2545 ani·

108 2585 179 2623 -mos
200 2566 347 2625 recreavit
366 2568 520 2640 repentina
540 2566 684 2642 profectio
705 2565 868 2625 Annibalis
897 2598 899 2602 ,

114 2645 146 2701 in
159 2647 315 2712 Oretanos,
329 2647 579 2720 Carpetanosque.
613 2646 673 2717 Qui
687 2647 746 2702 duo
759 2646 870 2720 populi
933 2710 934 2731 χ

114 2722 247 2780 delectus
261 2722 420 2781 acerbitate
440 2726 626 2793 consternati,
655 2722 777 2781 retentis
797 2739 869 2781 con·

63 2871 74 2893 .
114 2799 314 2871 quisitoribus,
332 2811 448 2866 metum
467 2800 641 2861 defectionis
669 2800 766 2878 quum
787 2820 868 2877 prae-
