1875 3267
120 384 179 441 duo
191 385 282 441 duces
295 378 425 438 hostium
445 380 587 440 cecidere.
626 380 707 440 Cdm
726 378 867 443 interim,
931 413 932 468 p

120 460 253 539 Agesilai
261 460 539 529 adventununciato,
549 459 682 517 Thebani
691 461 864 517 recessere:
931 489 932 544 ,

120 556 176 596 nec
188 540 299 595 bellum
312 536 362 594 diri
376 538 498 595 dilatum
513 560 521 592 ε
543 539 689 612 siquidem
699 540 869 612 Spartano-

120 632 188 673 rum
196 616 345 693 juventus,
354 634 458 673 senum
466 617 571 674 virtute
584 627 613 673 et
622 616 715 692 gloriis
729 618 865 680 incensa,

120 694 214 751 teneri
227 712 284 751 non
301 691 404 769 potuit,
417 690 490 766 quin
501 714 539 750 ex
553 694 720 763 continenti,
733 692 798 752 acie
809 694 865 749 de·

121 783 262 830 cerneret.
301 771 382 831 cum
395 772 515 828 victoria
534 774 746 830 Thebanorum
769 780 865 839 esset,

122 851 350 924 Epaminondas,
362 850 433 905 dum
441 866 502 905 non
511 851 594 907 ducis
614 848 737 919 tantum,
750 847 864 906 verum

121 928 212 986 etiam
224 928 377 987 fortissimi
389 926 492 983 militis
505 929 599 985 officio
613 927 755 1004 fungitur,
762 928 865 1003 gravi-

123 1015 168 1064 ter
178 1010 354 1065 vulneratur.
383 1006 451 1075 Quo
459 1006 566 1075 audito,
579 1007 626 1064 his
635 1026 672 1063 ex
682 1007 781 1064 dolore
795 1024 863 1063 me-

122 1094 178 1152 tus,
191 1096 221 1142 et
232 1085 290 1143 illis
309 1103 348 1141 ex
362 1082 469 1159 gaudio
490 1094 592 1157 stupor
603 1083 755 1160 injicitur;
769 1094 863 1158 atque

123 1163 164 1221 ita
171 1164 262 1221 veluti
275 1182 312 1220 ex
322 1161 427 1238 placito
441 1162 610 1220 consensuri
622 1163 726 1234 praelio
736 1161 864 1220 discedi-

123 1253 180 1301 tur.

165 1324 239 1379 Post
249 1336 358 1393 paucos
376 1320 479 1377 deinde
498 1319 561 1377 dies
582 1319 798 1396 Epaminondas
812 1323 864 1379 de-

122 1399 213 1465 cedit,
222 1416 291 1453 cum
304 1416 363 1471 quo
374 1398 451 1453 vires
469 1415 585 1472 quoque
597 1399 766 1473 reipublicae
782 1400 864 1457 ceci-

126 1476 239 1534 derunt.
261 1476 341 1531 Nam
349 1474 434 1535 sicuti
442 1476 500 1531 telo
510 1475 534 1531 si
543 1478 671 1549 primam
680 1476 773 1534 aciem
783 1495 864 1550 prae-

125 1550 261 1628 fregeris,
269 1554 382 1627 reliquo
394 1552 470 1609 ferre
484 1554 546 1611 vim
556 1556 679 1613 nocendi
689 1556 864 1612 sustuleriss

128 1630 171 1689 sic
184 1632 242 1699 illo,
254 1632 333 1689 velut
347 1648 488 1689 mucrone
508 1634 567 1696 teli,
588 1636 681 1692 ablato
694 1636 768 1691 duce
781 1635 864 1693 'l‘he-

127 1712 279 1779 banorum,
292 1711 336 1769 rei
349 1728 465 1785 quoque
479 1710 604 1784 publicae
621 1714 698 1769 vires
719 1713 864 1772 hebetatae

130 1798 198 1845 sunt
211 1810 218 1844 a
240 1800 273 1847 ut
285 1808 343 1848 non
353 1788 416 1846 tdm
428 1790 513 1845 illum
524 1788 667 1859 amisisse,
680 1789 771 1865 quaim
793 1811 866 1849 cum

129 1863 633 1925 illointeriisseomnesviderentur.
675 1872 754 1926 Nam
767 1886 866 1943 neque

130 1940 208 2003 hunc
222 1954 288 2001 ante
310 1946 417 2001 ducem
440 1945 535 2000 ullum
548 1948 741 2004 memorabile
753 1948 867 2005 bellum

132 2023 250 2095 gessere
265 2042 273 2086 ς
286 2039 342 2077 nec
355 2029 456 2093 postea
476 2020 642 2093 virtutibus,
659 2028 711 2083 sed
736 2024 869 2081 cladibus

131 2098 264 2171 insignes
282 2098 365 2157 fuere
386 2118 394 2152 t
427 2106 460 2153 ut
488 2101 677 2161 manifestum
696 2103 743 2169 sit,
761 2102 866 2177 patriae

134 2175 256 2251 gloriam
270 2186 299 2233 et
311 2186 419 2239 natam,
432 2184 460 2231 et
468 2177 630 2236 extinctam
639 2198 709 2237 cum
718 2199 753 2239 eo
766 2179 868 2238 fuisse.

134 2253 203 2313 Fuit
223 2265 322 2312 autem
341 2255 496 2322 incertum,
508 2255 552 2313 vir
565 2258 678 2326 melior,
690 2277 726 2315 an
740 2259 802 2315 dux
823 2279 869 2315 es·

136 2340 188 2387 set.
222 2334 299 2390 Nam
312 2344 342 2391 et
360 2332 520 2407 imperium
533 2353 590 2392 non
604 2334 659 2392 sibi
674 2354 803 2411 semper,
816 2340 870 2396 sed

135 2407 239 2484 patriae
248 2411 401 2485 quaesirit:
416 2422 445 2467 et
454 2415 589 2483 pecuniae
602 2412 674 2471 adeo
685 2432 793 2489 parcus
803 2413 869 2483 luit,

136 2498 169 2544 ut
183 2500 318 2562 sumptus
331 2488 425 2547 funeri
446 2486 579 2549 defuerit.
627 2492 738 2551 Gloriae
752 2511 870 2567 quoque

135 2582 194 2621 non
207 2565 348 2641 cupidior,
368 2567 455 2641 quim
476 2570 634 2645 pecuniae:
653 2571 762 2645 quippe
785 2588 870 2628 recu-

138 2644 221 2707 santi,
230 2645 329 2701 omnia
336 2645 460 2718 imperia
468 2647 583 2720 ingesta
591 2658 673 2703 sumt
685 2651 870 2722 honoresque

137 2721 181 2776 ita
193 2720 295 2798 gessit,
308 2730 341 2777 ut
353 2735 561 2797 ornamentum
573 2742 633 2782 non
651 2724 797 2799 accipere,
818 2729 870 2783 sed
