1875 3267
461 229 525 284 280

32 407 34 412 .
123 377 182 434 trix
197 375 342 432 victorem
356 372 532 440 Africanum
545 373 685 444 expellat.
708 369 788 428 Aliis
810 371 869 426 Ne-

122 456 233 512 minem
254 469 348 508 unnm
369 451 465 510 civem
479 447 595 507 tuntum
607 450 742 506 eminere
755 449 867 514 debere,

120 541 153 589 ut
179 531 296 606 legibus
316 529 490 606 interrogari
515 547 573 586 non
587 527 699 603 possit3
719 526 796 582 nihil
809 524 868 582 tam

122 611 275 684 aequandae
290 607 427 665 libertatis
439 627 514 682 csse,
527 606 617 681 qnam
631 605 867 680 potentissimum

122 705 269 762 quemque
283 705 367 761 posse
381 688 477 743 dicere
492 703 636 743 caussam.
676 681 761 752 Quid
773 693 868 740 autern

123 764 189 822 tntb
215 765 364 839 cuiquam,
387 765 498 821 nedum
533 781 684 820 summam
700 762 869 834 Rempubl,
912 760 913 765 ’

107 845 262 918 permitti,
284 844 308 899 si
328 843 399 899 ratio
420 860 479 898 non
506 843 544 897 sit
567 839 738 897 reddenda?
760 839 813 912 qni
824 841 869 916 jus

123 941 243 996 aequum
255 921 315 996 pati
324 939 380 978 non
389 923 489 995 possit,
499 921 529 976 in
541 937 610 975 eum
621 919 684 974 vim
692 916 869 994 baudinjus-

119 1011 183 1058 tam
210 1021 283 1082 essa.
331 1001 406 1058 Haec
432 1000 538 1074 agitata
558 994 754 1064 sermonibus,
780 997 869 1054 donec

121 1079 186 1136 dies
206 1079 333 1137 dicenda
354 1095 465 1136 caussae
489 1075 590 1133 venit:
612 1093 666 1131 nec
687 1073 768 1130 alius
788 1071 868 1130 antes

123 1157 288 1232 quisquam,
301 1175 355 1216 nec
370 1158 418 1214 ille
431 1157 494 1230 ipse
507 1154 606 1228 Scipio
618 1153 731 1210 Consul
746 1154 868 1209 Censor·

121 1253 160 1292 ve
173 1237 285 1312 majore
298 1227 394 1294 omnis
404 1232 521 1310 generis
530 1232 684 1291 hominum
694 1227 868 1304 frequentia,

124 1311 213 1388 quim
228 1331 296 1370 reus
309 1316 358 1372 illo
368 1313 414 1371 die
427 1311 457 1368 in
472 1311 572 1368 forum
584 1319 630 1366 est
637 1309 795 1369 deductus.
809 1305 869 1364 lus·

125 1409 174 1448 sus
188 1391 286 1450 dicere
300 1407 442 1455 caussam,
457 1389 519 1446 sine
531 1385 590 1446 ullsl
607 1387 771 1444 criminum
791 1403 870 1442 men-

124 1469 212 1537 tione,
224 1468 386 1532 orationem
401 1467 474 1525 adeb
487 1465 675 1541 magnificam
688 1467 724 1522 de
736 1467 828 1521 rebus
840 1466 870 1521 sb

125 1565 157 1605 se
171 1547 262 1622 gestis
275 1558 319 1604 est
332 1563 467 1614 exorsus,
481 1556 514 1602 ut
527 1543 597 1601 satis
609 1552 767 1606 constaret,
780 1543 869 1600 nemi·

92 1683 96 1702 ,
122 1643 194 1683 nem
206 1629 339 1701 unquam
351 1623 447 1700 neque
460 1621 575 1688 melius,
585 1621 680 1697 neque
693 1619 796 1679 veritis
815 1622 871 1678 lau·
911 1634 912 1645 ¹

125 1706 226 1764 datum
244 1724 318 1762 esse.
359 1703 539 1762 Dicebautur
552 1701 631 1757 enim
644 1703 679 1758 ab
693 1701 803 1758 eodem
816 1701 870 1759 ani·

125 1801 177 1840 mo
190 1783 376 1858 ingenioque,
389 1779 407 1840 a
420 1799 478 1854 quo
492 1789 574 1854 gesta
593 1788 694 1836 erant:
714 1787 745 1834 et
758 1777 869 1835 surium
911 1832 912 1853 ,

125 1859 273 1918 fatisdium
295 1863 414 1926 aberat3
435 1859 504 1934 quia
524 1875 579 1930 pro
601 1856 744 1928 periculo,
763 1857 869 1912 nonin
911 1870 912 1881 ¹

127 1938 261 2013 gloriam,
281 1939 486 2015 reserebantur.
507 1935 630 1992 Tribuni
654 1932 750 2008 plebis
776 1945 871 1989 vetera
911 1906 912 1975 l

127 2016 255 2073 luxuriae
267 2017 390 2074 crimina
400 2015 651 2090 Syracusanorum
664 2013 870 2084 hybernorum,
911 2006 912 2081 l

107 2124 109 2128 ·
129 2107 161 2151 et
181 2093 284 2150 Locris
304 2094 520 2151 Pleminianum
540 2092 715 2154 tumultum,
729 2087 827 2162 quum
839 2091 871 2145 ad
911 2090 912 2095 ’

128 2172 220 2232 fidem
239 2172 432 2245 praesentium
446 2170 603 2228 criminum
613 2166 798 2233 retulissent;
815 2185 872 2224 sus

127 2249 292 2326 picionibus
314 2251 419 2325 magis,
451 2249 542 2324 quam
566 2245 750 2323 argumentis
785 2263 872 2319 pecu

129 2330 188 2388 niae
221 2339 313 2401 captae
351 2345 436 2384 reum
460 2337 642 2386 accusarunt.
683 2324 793 2382 Filium
808 2327 872 2397 ‹iap-

127 2417 194 2464 tum
208 2405 270 2464 sine
283 2406 376 2480 pretio
388 2407 542 2474 redditum,
554 2402 711 2474 omnibusq
723 2422 731 2466 ;
753 2402 821 2459 aliis
833 2419 873 2458 re-

129 2489 185 2543 bus
200 2485 377 2558 Scipionem,
390 2480 529 2558 tanquam
552 2481 582 2539 in
605 2481 671 2555 ejus
681 2480 772 2538 unius
784 2497 871 2537 mann

129 2577 188 2636 pax
217 2565 348 2619 Romana
367 2563 537 2632 bellumque
562 2568 650 2625 esset,
669 2561 705 2615 ab
726 2557 871 2616 Antiocho

129 2642 254 2696 cultum.
293 2639 473 2694 Dictatorem
496 2657 565 2694 eum
579 2635 782 2704 Consuli,non
796 2637 870 2709 lega·

127 2727 193 2774 tum
206 2717 237 2774 in
250 2715 396 2789 provincia
409 2713 499 2772 fuisse
513 2734 521 2768 r
540 2732 595 2771 nec
608 2716 644 2772 ad
655 2712 825 2775 atiamtrem
837 2710 868 2769 eb
