1875 3267
394 249 457 306 153

51 401 118 462 est,
131 403 163 450 ut
173 396 208 452 L.
222 393 388 464 Valerium,
411 407 441 452 et
467 394 511 452 M.
532 394 685 460 Horatium
703 396 738 452 ad
763 411 794 450 se

49 469 228 542 mitterent3
250 472 295 530 his
309 493 339 530 se
353 476 470 531 daturos
479 492 658 548 responsum.

99 549 246 626 Demissis
259 553 371 625 legatis,
387 555 525 610 admonet
547 552 653 608 milites
663 548 795 626 Virgini-

49 641 105 692 us,
120 629 155 684 In
169 648 200 685 re
226 647 283 706 non
293 631 423 703 maximi
432 631 525 702 paulb
538 628 603 693 autb
623 631 793 703 trepidauun

48 712 133 772 esse,
153 708 230 780 quia*
242 709 302 764 sine
323 710 415 784 capite
436 708 594 766 multitudo
615 707 717 764 fuerit:
737 724 796 762 res·

49 797 247 859 ponsumque
260 785 441 859 quamquam
449 805 507 844 non
521 786 672 851 inutiliter,
682 783 797 842 fortuito

46 869 157 919 tamen
170 863 428 939 magiseonsensu‚
441 871 535 940 quim
548 866 697 925 communi
706 861 797 918 oonsi-

49 935 101 992 lio‘
112 958 186 997 esse.
227 945 346 998 Placere
361 945 463 1001 decern
482 942 586 1011 creari,
600 943 652 1015 qui
671 957 795 998 summae
851 966 853 970 ,

50 1015 102 1070 rei
113 1031 284 1090 praeessent,
296 1019 468 1094 militarique
485 1023 593 1078 honore
602 1020 736 1077 tribunos
745 1015 799 1072 rui·

52 1091 147 1150 litum
162 1097 310 1170 appellari.
354 1099 457 1171 Qulun
479 1101 515 1156 ad
534 1119 603 1159 eum
616 1099 716 1174 ipsum
741 1093 799 1169 pri-

53 1169 146 1228 mrlm
160 1173 185 1230 is
198 1177 290 1232 honos
300 1175 741 1245 deferretunMelioribusmeis,
751 1193 800 1228 ve·

53 1249 186 1323 strisque
201 1256 287 1312 rebus
299 1268 453 1321 reservate,
466 1255 570 1330 inquit,
578 1255 633 1312 ista
646 1255 742 1323 deqme
753 1251 799 1327 ju-

52 1327 144 1385 dicia.
184 1333 249 1388 Nee
263 1333 337 1390 mihi
350 1333 407 1391 filia
431 1335 521 1392 inulta
541 1329 680 1390 honorem
703 1333 798 1387 ullum

51 1404 224 1481 jucundum
250 1429 313 1468 esse
341 1413 471 1486 patitur3
491 1430 547 1470 nee
575 1409 798 1486 inperturbata

54 1485 222 1558 Republica
232 1507 283 1546 eos
289 1489 358 1547 utile
369 1489 645 1562 estpraeessevobis‚
652 1488 799 1562 quiprox-

54 1560 114 1620 imi
126 1563 241 1628 invidiae
252 1566 321 1626 sint.
342 1570 373 1626 Si
387 1569 452 1642 quis
467 1586 539 1626 usus
551 1567 611 1625 mei
624 1579 686 1635 est;
706 1560 798 1622 nihilb

38 1700 41 1706 ,
51 1638 159 1697 minor
171 1661 208 1699 ex
222 1645 333 1717 privato
344 1647 483 1720 capietur.
505 1647 552 1704 lta
563 1647 666 1703 decem
674 1659 797 1702 numero

58 1714 211 1778 Tribunos
237 1721 375 1780 militares
406 1735 514 1781 creant.
566 1723 673 1796 Neque
698 1724 729 1797 in
750 1721 800 1775 Ss-

56 1795 136 1854 binis
159 1797 271 1870 quievit
290 1801 455 1869 exercitum
479 1800 519 1859 ibi
547 1819 664 1876 qnoque
685 1810 799 1858 auctore

57 1875 151 1945 lciliq
165 1874 540 1953 Numitorioquessecessio
557 1882 594 1936 ab
616 1877 799 1936 Decemviris

57 1954 132 2014 facta
146 1967 200 2024 est,
219 1974 277 2012 non
290 1957 404 2016 minore
418 1971 503 2016 motu
526 1957 693 2017 animorum
711 1954 798 2012 Siccii

57 2035 302 2092 caedismemorilt
327 2041 469 2095 revocati,
490 2037 582 2111 quim
614 2054 704 2107 quem
723 2053 798 2094 nora

57 2111 136 2172 santo
145 2115 181 2170 rle'
196 2114 333 2190 virginit
341 2115 412 2172 adeb
419 2111 543 2174 soedead
550 2114 700 2173 libidinem
706 2115 798 2189 petiti

55 2193 236 2250 accenderet.
270 2192 370 2250 lcilius
384 2195 432 2252 ubi
444 2193 551 2251 audivit
565 2193 712 2253 Tribunos
722 2193 799 2252 mili·

54 2283 122 2326 turn
153 2271 183 2326 in
217 2271 360 2330 Aventino
389 2277 511 2340 creatos,
538 2290 576 2328 ne
609 2270 797 2330 comitiorum

55 2346 229 2409 militarium
275 2349 498 2428 praerogantem
536 2353 644 2407 urbana
679 2348 798 2408 comitia

56 2426 165 2484 iisdem
179 2427 316 2485 Tribunis
329 2427 421 2502 plebis
434 2425 568 2485 creandis
582 2439 771 2501 sequerentur
787 2451 795 2494 ;
812 2479 815 2484 .

56 2505 170 2579 peritus
191 2521 293 2562 rerum
312 2506 509 2580 popularium,
534 2506 747 2578 imr'ninensque
768 2506 797 2561 ei

56 2583 203 2657 potestati,
215 2594 244 2639 et
262 2583 325 2658 ipse
338 2583 511 2658 prinsquzim
525 2583 616 2642 iretur
635 2586 671 2640 ad
684 2586 798 2648 urbem,

56 2661 120 2735 pari
129 2671 272 2736 potestate
286 2664 420 2718 ennnlem
435 2679 596 2720 numerum
610 2664 644 2717 ab
663 2660 723 2716 suis
736 2677 798 2715 cre-

58 2741 164 2800 andum
179 2750 270 2800 curat.
301 2741 388 2798 Porto
401 2739 516 2797 Collina
533 2741 637 2796 urbem
655 2737 797 2794 intravere
