1875 3267
418 320 421 328 .
485 273 545 327 102

139 440 179 480 ex
192 415 299 496 injurii
311 414 505 493 postmodum
518 415 646 495 gratiam
659 423 776 476 amm
790 436 800 471 ε
817 415 907 491 eoque

139 495 313 559 melioribus
322 515 427 556 nnuma
440 495 521 566 viris,
527 496 609 572 quod
618 495 808 557 annixurus
819 513 905 570 prose

142 575 271 653 quinque
283 574 331 646 ait,
340 581 374 634 ut
383 572 480 652 quum
491 592 577 633 auam
585 573 686 630 vicem
698 572 840 632 functus
853 576 906 629 offi-

143 654 190 712 cio
210 655 257 722 sit,
278 665 436 726 parantum
457 651 562 722 etiam,
583 650 761 727 patriaeque
787 655 904 726 explear

143 731 335 793 desiderium·
355 731 580 792 Antecadebant
590 727 749 789 blanditiae
767 729 903 788 virumn.

145 811 259 872 facturn
271 811 474 890 purgantium,
496 809 656 884 cupiditate
668 819 770 884 atque
784 826 901 866 amore:

146 909 217 968 quae
230 890 363 951 maxime
382 891 419 948 ad
431 888 575 948 muliebre
591 886 754 964 ingenium
771 888 901 944 efficaces

149 987 253 1046 preces
262 979 339 1028 aunt
417 1009 425 1024 .

484 1111 562 1146 ..···..

346 1197 628 1264 NARRATION
647 1196 698 1259 ΙΙ.

301 1319 395 1383 (Rom.
409 1319 480 1371 Hist.
488 1319 566 1370 Titus
579 1318 613 1368 L.
623 1317 695 1367 book
705 1319 748 1382 1.)

188 1429 263 1477 'ruas
275 1433 320 1478 aot
330 1424 363 1476 of
369 1425 487 1476 violence
495 1441 551 1476 war
560 1424 608 1476 the
617 1422 703 1485 signal
711 1420 756 1472 for
766 1438 787 1473 a
801 1440 864 1478 war,
871 1424 895 1485 b3:

155 1495 240 1548 which
250 1494 314 1545 each
325 1489 410 1542 would
420 1492 489 1543 have
497 1491 564 1542 been
576 1488 784 1542 exterminated.
824 1493 852 1540 In
860 1489 895 1538 the
914 1536 918 1545 ,

156 1559 238 1614 midat
249 1559 281 1612 of
287 1555 358 1611 their
369 1571 483 1624 camage
494 1558 558 1622 they
569 1556 681 1607 become
692 1555 857 1608 reconoileai

209 1665 364 1744 Principes
381 1664 533 1739 utrimque
556 1680 689 1738 pugnam
710 1661 850 1732 ciebant3
869 1666 894 1718 ab

158 1747 273 1808 Sabinis
286 1745 414 1804 Mettius
426 1740 562 1811 Curtius,
581 1743 617 1798 ab
631 1741 776 1798 Romanis
792 1743 894 1798 Hostus
918 1792 919 1801 ,

159 1826 314 1890 Hostilius.
346 1825 406 1884 Hic
418 1841 484 1880 rem
505 1837 657 1878 romanam
671 1816 778 1894 iniquo
789 1822 857 1878 loco
868 1821 894 1874 ad
918 1824 919 1827 ’

157 1907 255 1980 prima
268 1904 352 1980 signa
364 1903 463 1960 animo
483 1909 569 1976 atque
590 1897 714 1957 audaciai
732 1897 895 1956 sustinebat,

161 1987 212 2041 Ut.
218 1985 329 2041 Hostus
346 1980 462 2048 cecidit,
482 1975 638 2036 confestim
651 1994 776 2035 romana
789 1979 895 2034 inclina

160 2071 211 2117 tur
223 2059 324 2120 acies:
338 2057 462 2134 ianuaque
476 2059 569 2116 estad
582 2068 714 2115 veterem
724 2067 844 2128 portam
852 2060 894 2113 Pa-

161 2139 232 2198 latii.
255 2139 400 2196 Romulus
409 2136 512 2210 etipse
524 2137 611 2194 turba
621 2133 804 2210 fugientium
815 2146 894 2195 actua

163 2229 246 2277 arma
263 2217 299 2276 ad
312 2219 420 2274 oaelum
432 2217 555 2272 tollens:
577 2213 702 2287 Jupiter,
715 2210 787 2282 tuis,
798 2212 893 2288 inquio

161 2296 262 2375 jussus
278 2295 378 2354 avibus
391 2290 440 2352 hio
457 2293 488 2350 in
509 2292 639 2352 Palatino
651 2291 750 2367 prima
765 2292 830 2348 urbi
842 2292 894 2348 iun·

164 2377 302 2434 <lamenta
313 2373 380 2450 jeci.
422 2377 533 2432 Arcem
554 2371 616 2448 jam
639 2372 752 2426 sceiere
773 2381 892 2444 emptam

163 2452 264 2521 Sabini
277 2453 392 2510 habent.
422 2448 494 2509 Inda
506 2449 566 2508 haic
580 2449 685 2508 armati
698 2454 834 2522 superata
844 2468 893 2506 me-

165 2531 215 2589 dia
228 2533 301 2590 valle
319 2529 450 2588 tendunt.
495 2533 533 2588 At
545 2540 587 2598 tu,
600 2539 684 2604 pater
697 2527 799 2584 Derim
812 2529 893 2585 honri-

118 2681 120 2686 ,
166 2627 307 2685 numque,
324 2607 392 2666 hinc
406 2611 511 2666 saltem
528 2626 596 2666 arce
608 2609 726 2665 hostes:
748 2606 834 2664 deme
846 2619 892 2663 ter·
918 2616 920 2627 ·

166 2705 268 2748 rorem
282 2683 432 2754 Romanis,
443 2686 604 2763 fugamque
616 2682 725 2742 iaedam
738 2684 815 2741 siste.
844 2684 891 2742 Hic

166 2785 225 2845 ego
248 2766 299 2828 tibi
319 2767 465 2842 templum
485 2765 593 2823 Statori
611 2762 687 2831 mvi,
705 2764 784 2837 quud
804 2780 893 2820 monu-

911 2930 919 3250 i
