1875 3267
462 335 526 388 282

122 477 239 539 cendit:
261 477 352 536 simul
375 493 406 533 se
428 475 565 534 universa
583 475 689 534 concio
710 473 826 541 evertit,
842 484 868 532 et

120 568 219 616 secuta
233 554 403 629 Scipionem
414 566 478 615 est:
497 552 580 620 adeo,
594 563 627 610 ut
641 550 795 626 postremi
805 554 869 609 scri-

119 638 164 692 bae
192 634 375 708 viatoresque
403 632 553 690 Tribunos
578 630 792 705 relinquerent,
818 647 867 688 nec

120 731 191 770 cum
212 711 251 771 its
274 723 382 787 praeter
402 710 540 768 servilem
553 709 740 778 domitarum,
753 718 785 764 et
797 724 868 782 prae·

120 808 237 860 eonem,
252 790 303 865 qui
317 807 401 848 reum
408 807 447 846 ex
461 788 576 846 Rostris
587 788 705 854 citabat,
715 790 869 860 quisquan
905 792 906 841 l

75 937 77 942 Ι
119 879 207 926 esset.
247 868 345 940 Scipio
358 884 415 924 uon
429 865 459 921 in
472 865 621 942 Capitolio
639 864 742 925 mode,
757 867 810 922 sed
821 881 868 938 per

120 956 211 1006 totam
224 949 328 1004 urbem
340 944 439 1006 omnis
448 946 560 1018 templa
568 941 669 1001 Dedin
682 940 757 1002 edm
766 945 906 1017 populol

121 1025 256 1084 Romano
269 1023 425 1082 circumiit
474 1021 675 1080 celebratior
668 1041 695 1078 rs
708 1020 804 1095 propi
812 1020 866 1078 dies

121 1101 220 1162 favore
233 1102 388 1160 hominnm
407 1111 437 1162 et
457 1100 650 1159 aestimatione
665 1117 748 1157 verae
762 1099 866 1174 magd-

120 1181 230 1238 tudinis
249 1181 315 1256 ejus
341 1180 406 1249 fuit,
426 1177 518 1255 quim
541 1176 603 1252 qud
621 1176 814 1251 triumphans
834 1178 865 1233 de

122 1259 255 1331 Syphace
268 1261 350 1335 Rege
362 1270 393 1318 et
406 1256 699 1334 Carthaginiensibus
711 1257 816 1317 urbem
829 1267 865 1312 est

122 1333 264 1393 invectus.
374 1367 377 1372 ·

298 1699 580 1835 nnnnnrrou
601 1739 712 1802 ιιι.

128 1907 195 1970 Tne
209 1909 271 1990 end
278 1907 317 1994 os
323 1911 427 1992 Scipio
441 1909 625 1995 Africanus,
637 1931 717 1994 year
734 1908 775 1990 os
780 1911 864 1971 Rome
904 1888 905 1963 Ῐ

358 2041 432 2110 569,
454 2034 493 2106 Α.
511 2033 545 2094 C.
565 2042 637 2096 183.

262 2197 345 2262 (nnc.
366 2202 437 2254 unt.
455 2203 535 2254 ritu·
547 2204 587 2254 c.
599 2200 668 2252 soon
687 2186 738 2268 ss)

166 2341 230 2402 Hic
246 2344 396 2420 speciosus
417 2345 539 2406 ultimus
558 2346 620 2402 dies
637 2348 669 2404 P
690 2345 897 2422 Scipioni
834 2348 862 2404 il-

120 2422 212 2481 luxit·
228 2423 309 2481 Post
306 2443 430 2497 queunt
425 2423 505 2480 niun
517 2423 653 2492 iuvidiam
665 2436 697 2482 et
710 2425 864 2482 certamina

120 2519 191 2560 cum
209 2501 347 2558 Tribunis
359 2503 552 2590 prospiceret,
573 2501 620 2558 die
642 2503 781 2578 longiore
803 2522 862 2576 pro-

119 2575 230 2640 dictes
222 2595 253 2632 ιιι
270 2576 300 2632 l
294 2579 451 2634 iternrnum
461 2579 630 2646 concessit
654 2590 736 2636 certo
752 2580 863 2638 consilio

116 2669 157 2708 ne
172 2656 206 2710 sd
221 2673 354 2710 caussam
369 2654 522 2710 dicendam
535 2658 658 2714 adesset.
699 2658 799 2735 Major
811 2660 863 2714 ani

118 2745 188 2784 mus
202 2740 231 2785 et
244 2741 345 2788 natura
358 2737 426 2798 erat,
440 2750 475 2787 ac
495 2733 602 2821 majori
626 2733 752 2794 fortunae
773 2755 861 2792 assue-

117 2809 177 2870 tus,
189 2805 280 2878 quim
304 2818 335 2864 ut
359 2825 430 2864 reus
446 2826 511 2866 esse
527 2811 625 2879 sciret,
639 2822 669 2868 et
681 2815 860 2872 summittere
