1875 3267
460 295 503 355 257

104 438 231 499 consilio
241 449 366 499 caeteros
383 458 441 497 non
455 450 565 517 posset,
577 441 718 501 eumdem
732 456 855 499 servum

108 518 146 575 ad
160 518 297 577 Xerxem
304 518 408 581 mittit,
417 521 632 596 certioremque
642 521 758 581 consilii
766 516 858 583 facite

108 605 140 653 et
158 616 305 675 occupare
325 596 485 657 transitum
503 603 651 658 maturate
669 601 744 677 fugit
761 600 855 678 jubet.

108 674 164 733 Ille
183 680 340 753 perculsus
359 675 473 748 nuntio,
491 676 580 737 tradit
598 679 724 737 ducibus
741 674 856 736 milites

106 756 321 828 perducendos,
334 757 397 833 ipse
409 774 477 815 sum
489 757 591 832 paucis
601 759 727 831 Abydon
736 767 857 815 conten·

109 832 163 891 dit.
184 834 244 892 Ubi
258 832 329 893 cum
343 838 472 895 solutum
491 845 614 909 pontem
628 835 766 910 hybernis
778 845 856 894 tem·

107 913 271 987 pestatibus
283 914 461 985 offendisset,
474 914 634 989 piscatoriis
644 917 753 991 scapha
764 912 857 987 trepi-

107 991 298 1071 dustrajecit.
319 994 446 1053 Eratres
456 993 729 1069 spectaculodigna,
739 1004 768 1050 et
777 990 856 1052 aesti·

107 1071 242 1129 matione
254 1074 341 1130 sortis
358 1074 508 1141 humanae,
526 1089 631 1131 rerum
644 1072 781 1130 varietate
798 1068 857 1129 mi·

108 1150 208 1221 rande,
215 1151 246 1209 in
255 1151 364 1241 exiguo
372 1148 514 1213 latentem
523 1150 621 1209 videre
629 1149 757 1226 navigio,
765 1168 857 1225 quem

107 1226 276 1305 pauldwante
289 1248 341 1286 nx
363 1246 464 1304 aequor
484 1248 573 1288 omne
586 1230 733 1304 capiebat;
755 1246 857 1288 caren-

107 1318 173 1367 tem
188 1308 278 1366 etiam
295 1306 378 1365 omni
399 1328 553 1367 servorum
571 1306 749 1376 ministerio,
768 1306 856 1385 eujus

107 1386 261 1446 exercitus
275 1396 396 1462 propter
415 1385 634 1446 multitudinem
649 1388 736 1445 terris
749 1402 857 1465 graves

106 1477 199 1523 erant.
233 1466 299 1524 Nee
319 1466 503 1541 pedestribus
520 1466 623 1539 copiis,
643 1484 717 1541 quas
729 1466 856 1524 ducibus

107 1544 316 1619 assignaverat,
330 1545 445 1605 felicius
451 1543 515 1603 ‘iter
528 1544 600 1604 fuit:
623 1545 771 1621 siquidem
781 1562 855 1621 quo·

107 1622 219 1679 tidiano
239 1624 329 1683 labori
350 1626 459 1700 (neque
472 1625 554 1683 enim
566 1627 626 1683 ulla
638 1633 684 1681 est
696 1623 856 1683 metuenti·

105 1702 164 1759 bus
178 1702 276 1780 quies)
290 1703 380 1762 etiam
392 1702 666 1761 famesaccesserat.
686 1704 855 1762 Multorum

105 1777 213 1839 deinde
226 1780 345 1840 dierum
365 1780 464 1857 inopia
483 1790 670 1843 contraxerat
683 1791 712 1838 et
723 1790 854 1853 pestem,

103 1868 247 1935 tantaque
257 1860 372 1919 foeditas
381 1859 575 1918 morientium
583 1859 648 1928 fuit,
662 1871 695 1916 ut
704 1859 761 1918 viae
770 1857 854 1918 cada·

105 1938 226 2019 veribus
238 1938 443 2015 implerentur,
461 1938 604 2014 alitesque
624 1947 656 1997 et
673 1938 775 1997 bestiae
789 1938 855 2021 ille·

103 2017 203 2077 cebris
217 2018 390 2097 sollicitatae,
402 2019 568 2081 exereitum
582 2028 785 2095 sequerentur,
