1875 3267
469 154 547 265 52'

122 355 230 415 milites
254 354 461 427 alloquebatur.
496 354 688 422 Macedones‚·
700 361 745 411 tot
768 352 856 410 bello·

78 479 80 483 a
102 474 105 479 -
124 453 192 491 rum
206 435 236 490 in
250 434 371 505 Europa
385 433 519 499 victores,
532 435 568 491 ad
581 432 774 507 subigendam
790 429 858 489 Asi·

124 522 271 584 amatque
285 511 387 568 ultima
402 512 541 602 Orientis
560 528 619 568 non
635 510 729 585 ipsius
750 508 857 597 magis,

123 588 214 663 quam
229 608 280 646 suo
301 590 388 646 ductu
409 589 635 664 prosectarum·
634 598 721 646 eratae
739 585 858 643 virtutis

126 667 315 724 admonebant
304 676 361 723 t.ur
412 670 481 724 lllos
494 678 641 725 terrarum
663 664 742 722 orbis
755 664 860 721 lib'era·

125 754 212 811 tores,
226 764 417 835 emensosque
426 746 497 805 olim
508 743 652 803 Herculis
656 755 686 801 et
697 741 802 800 Liberi
810 759 860 816 pa·

125 822 179 878 tris
187 822 342 890 terminos'
349 842 408 879 non
421 826 519 881 Persis
532 821 629 891 modo,
638 822 788 880 sedetiam
797 838 861 877 om·

125 900 209 957 nibus
229 901 363 978 gentibus
384 900 574 973 imposituros
591 900 707 991 jugum,
720 900 862 956 Macedo·

127 995 198 1035 num
217 982 321 1037 bactra
337 990 366 1035 et
386 980 475 1037 Indos
484 979 569 1047 lore
583 996 708 1035 mrnrma
717 996 783 1035 esse
793 993 862 1065 quae

126 1073 205 1113 nunc
218 1057 412 1147 intuerentur,
426 1059 478 1114 sed
492 1055 592 1115 omnia
603 1057 726 1113 victoria
738 1053 861 1130 pararit

126 1150 184 1191 non
197 1136 227 1192 in
239 1134 398 1227 praeruptis
412 1136 503 1207 petris
517 1132 704 1209 Illyricorum
723 1144 754 1191 et
767 1134 863 1190 Thra·

121 1210 181 1269 ,ciae
192 1214 271 1269 saxis
285 1213 416 1271 sterilem
430 1216 560 1272 laborem
573 1211 634 1270 fore
645 1234 654 1282 ;
667 1212 761 1287 spolia
771 1209 864 1268 totius

129 1290 259 1347 Orientis
279 1291 401 1347 offerri:
422 1292 472 1349 vix
492 1292 588 1367 gladio
607 1289 740 1349 futurum
760 1306 863 1363 opus;

127 1378 219 1423 totam
232 1368 337 1436 aciem,
358 1386 410 1423 suo
426 1386 534 1443 pavore
546 1370 747 1437 fluctuantem,
760 1370 869 1429 umbo·

86 1506 90 1517 l
127 1443 214 1500 nibus
227 1460 312 1519 posse
326 1446 463 1519 propelli:
499 1448 604 1504 Victor
612 1449 648 1504 ad
661 1449 726 1504 haec
738 1446 867 1505 Atheni·

128 1522 244 1579 ensium
268 1522 420 1596 Philippus
448 1535 532 1599 pater
543 1526 750 1592 invocabatur
770 1524 866 1579 domi·

128 1609 227 1674 raeque
240 1616 334 1673 nuper
347 1600 478 1672 Boeotia,
492 1613 523 1660 et
536 1604 638 1660 urbis
631 1621 710 1660 mea
720 1600 868 1660 nobilissi-

129 1694 188 1735 mae
200 1680 235 1736 ad
249 1681 343 1735 solum
357 1679 469 1749 dirulae,
483 1680 594 1755 species
604 1673 867 1755 repraesentabatur

127 1756 252 1815 animis:
272 1756 334 1833 jam
353 1758 518 1817 Granicum
534 1777 663 1847 amnem,
680 1758 742 1834 jam
755 1769 799 1815 lot
817 1776 868 1815 ur-

129 1834 180 1892 bes
202 1847 252 1893 aut
275 1848 457 1912 expugnatas
482 1849 531 1894 aut
554 1835 585 1893 in
605 1836 706 1903 iidem
720 1850 868 1909 acceptas,

129 1914 285 2003 omniaque
303 1932 370 1987 quae
387 1926 452 1986 post
471 1926 592 2004 largum
611 1926 717 1983 erant,
722 1924 813 1971 strata
836 1924 868 1971 et

130 1991 271 2063 pedibus
264 2009 396 2063 1psorum
418 1987 547 2070 subjecta
560 1996 748 2050 memorabat.
761 1995 868 2064 Quum

130 2068 238 2125 adierat
255 2070 400 2135 Graecos;
422 2073 601 2139 admonebat,
614 2071 679 2128 ab
672 2071 708 2127 ris
731 2072 869 2147 gentibus

135 2146 213 2201 illata
227 2145 353 2203 Graeciae
372 2148 453 2216 bella,
468 2149 550 2206 Darii
572 2148 664 2223 priris,
676 2150 779 2207 deinde
793 2150 871 2207 Xer-

132 2223 177 2279 xis
190 2223 343 2281 insolentia
357 2244 462 2299 aquam
476 2228 569 2302 ipsam
583 2237 754 2301 terramque
767 2239 870 2303 postu·

132 2302 198 2357 lant'
180 2312 264 2370 num,
278 2313 424 2377 utncque
436 2302 559 2363 fontium
573 2306 711 2363 haustum
732 2325 789 2364 nec
801 2308 870 2364 soli-

131 2391 176 2435 tos
186 2380 265 2436 cibos
278 2380 493 2455 relinquerent·
516 2383 581 2440 dein
595 2386 930 2458 dedmtemplaru-1

132 2457 187 2514 inis
201 2468 230 2515 et
250 2460 367 2535 ignibus
381 2480 444 2518 essa
468 2464 573 2530 deleta,
595 2465 682 2518 urbes
695 2479 801 2519 eorum
816 2482 869 2519 ex·
928 2457 930 2510 ῗ

133 2546 295 2611 pugnatas·
318 2537 426 2595 foedera
456 2541 578 2597 humani
606 2540 752 2613 divinique
791 2539 867 2618 juris

132 2615 235 2671 violata
261 2614 413 2695 referebat,
435 2618 551 2691 Illyrios
572 2618 642 2675 verb
668 2626 698 2675 et
724 2619 868 2687 Thracas,

133 2705 216 2767 rapto
224 2714 240 2749 ι
242 2694 318 2751 ivero
329 2707 468 2765 assuetos,
479 2696 572 2754 aciem
581 2696 709 2755 hostium
718 2714 789 2754 auro
798 2713 868 2773 pur-
