1875 3267
449 306 494 367 44
508 346 511 353 .

103 477 161 533 quo
173 475 232 527 me,
245 456 346 531 inquit,
358 456 484 517 articulo
491 444 592 515 rerum
600 472 736 517 mearum
750 455 852 524 [ortu-

101 553 140 593 na
149 536 381 610 deprehenderit,
397 535 527 595 cernitis.
554 536 715 607 Strepitum
727 538 851 595 hostili·
936 557 937 590 ³

103 631 153 671 um
168 630 319 671 armorum
331 614 470 673 exaudire
484 590 679 683 mihivitieor,
691 613 785 689 etqui
799 618 852 673 ui·

101 700 147 748 tro
160 689 246 748 intuli
258 693 378 763 bellum,
387 692 450 770 jam
462 710 614 768 provocor.
646 691 755 749 Darius
767 712 848 769 ergo

80 830 83 837 Δ
102 786 196 843 quum
210 779 270 828 tam
290 773 428 847 superbas
453 771 564 828 litteras
586 769 735 836 scriberet,
750 769 848 829 fortu-

102 860 172 904 nam
180 866 278 907 meam
292 846 323 905 in
332 848 451 907 consilio
460 846 626 917 habuit3sed
632 846 847 923 nequicquam,

104 923 129 980 si
142 924 216 983 mihi
231 927 349 989 arbitrio
361 946 430 983 meo
443 926 540 984 curari
562 927 640 985 licet.
687 930 781 985 Lenta
795 945 845 985 re·
936 913 937 986 J

102 1003 199 1062 media
211 1015 241 1062 et
253 1022 360 1082 segnes
380 1004 513 1062 medicos
526 1023 585 1063 non
597 1013 753 1081 expectant
764 1015 845 1063 tem·
932 1007 937 1082 ξ

103 1098 174 1155 pora
185 1102 269 1152 mea3
284 1086 331 1141 vel
343 1080 421 1141 mori
432 1082 561 1156 strenud,
574 1082 664 1157 quim
677 1080 759 1141 tarde
770 1100 845 1141 con·

103 1162 248 1220 valescere
261 1162 336 1221 mihi
349 1161 457 1221 melius
471 1173 524 1220 est.
558 1159 695 1231 Proinde,
720 1159 746 1219 si
767 1160 843 1235 quid
936 1209 937 1212 ,

103 1238 178 1314 opis,
192 1241 298 1315 siquid
311 1241 382 1298 artis
402 1238 432 1297 in
457 1239 582 1297 medicis
607 1250 661 1308 est,
686 1241 843 1298 sciantme
936 1257 937 1266 ¹

102 1334 161 1373 non
173 1317 234 1374 tim
249 1319 353 1375 mortis
379 1316 469 1392 quam
489 1320 559 1375 belii
577 1316 743 1376 remedium
757 1333 843 1392 quoe·
936 1321 937 1350 i

102 1412 191 1463 rere.¹
218 1397 374 1471 Ingentem
394 1395 535 1453 omnibus
550 1394 712 1454 incusserat
736 1412 843 1452 curam
937 1450 938 1453 ,

100 1482 163 1529 tam
175 1488 310 1547 praeceps
322 1474 470 1531 temeritas
479 1472 552 1550 ejus.
565 1476 648 1549 Ergo
656 1492 710 1549 pro
719 1492 750 1531 se
760 1473 844 1547 quis·

103 1568 160 1624 que
174 1550 289 1625 precari
302 1548 473 1626 eoeperane
481 1551 663 1611 festinatione
673 1552 842 1627 periculum

102 1639 235 1705 augeret,
255 1631 307 1687 sed
320 1640 397 1687 esset
410 1630 440 1687 in
463 1640 606 1705 potestate
631 1629 817 1688 medentium
832 1648 842 1685 ε

103 1706 257 1783 inexperta
270 1708 487 1767 remediahaud
499 1708 607 1785 injuria
616 1708 688 1783 ipsis
699 1726 765 1765 esse
774 1724 843 1765 sus·
935 1707 936 1714 ’

101 1796 193 1860 pecta,
203 1806 293 1862 quum
308 1790 344 1847 ad
365 1787 532 1863 perniciem
542 1787 607 1865 ejus
619 1786 708 1844 etiam
720 1785 738 1843 d
749 1788 843 1845 latere

103 1865 198 1937 ipsius
210 1866 338 1939 pecunia
357 1867 528 1924 sollicitaret
542 1864 766 1942 bostis(quippe
780 1862 844 1922 Da-

103 1946 165 2000 rius
177 1944 258 2000 mille
272 1946 378 2002 talenta
386 1942 565 2001 interfectori
582 1942 744 2003 Alexandri
757 1944 842 2001 datu·
934 1943 935 2018 ]

102 2036 171 2077 rum
195 2039 226 2077 se
241 2021 423 2093 pronuntiari
433 2021 576 2098 jusserat)
588 2024 686 2095 itaque
699 2039 738 2077 ne
753 2039 842 2079 ausu·
934 2037 936 2066 =

100 2114 169 2156 rum
183 2097 302 2171 quidem
311 2113 491 2173 quemquam
504 2100 694 2158 arbitrabatur
709 2098 843 2170 experiri

102 2176 276 2247 remedium,
285 2178 364 2251 quod
372 2178 655 2253 propternovitatem
663 2187 763 2253 posset
772 2196 840 2235 esse
933 2221 935 2263 2

102 2264 281 2329 suspectum.

140 2334 213 2391 Erat
225 2333 301 2392 inter
310 2334 421 2393 nobiles
431 2334 565 2395 medicus
575 2340 591 2395 ἐ
606 2334 782 2394 Macedonia
793 2352 842 2392 re-

96 2410 170 2487 ¹gem
185 2424 303 2471 secutus
317 2412 480 2488 Philippus,
486 2414 602 2473 natione
614 2411 839 2481 Acarnan,iidus

101 2491 263 2548 admodum
275 2490 361 2568 regi-3
385 2488 478 2566 puero
491 2512 592 2551 comes
605 2503 635 2550 et
647 2502 748 2550 custos
761 2493 840 2548 salu·

99 2568 138 2627 tis
150 2570 242 2637 datus,
254 2586 311 2627 non
326 2580 358 2626 ut
384 2586 488 2646 regem
500 2571 598 2639 modb‚
623 2571 675 2628 sed
693 2569 783 2626 etiam
804 2579 840 2625 ut

102 2649 263 2715 alumnum,
277 2648 388 2705 eximia
408 2648 529 2706 caritate
542 2650 688 2725 diligebat.
734 2649 764 2703 is
776 2663 839 2703 non

101 2738 236 2797 praeceps
249 2744 291 2793 se,
305 2726 356 2782 sed
368 2733 526 2782 strenuum
538 2725 704 2783 remedium
720 2724 838 2791 afferre,

102 2810 269 2876 tantamque
282 2802 344 2861 vim
355 2802 451 2867 morbi
462 2803 588 2877 potione*
602 2799 747 2861 medicata
759 2801 838 2863 leva·
852 2819 856 2825 ·

932 2529 934 2623 t

928 3159 931 3234 t
