1875 3267
425 278 489 336 247

69 437 131 502 per
144 415 368 500 frustrationem
381 417 469 492 esset,
477 422 578 495 retulit
587 423 740 492 Marcello,
747 434 822 483 tem-

70 520 135 580 pus
150 521 221 561 eum
230 502 266 558 ad
273 500 494 565 deliberandum
507 501 678 578 sumpsisse.
717 502 825 575 Qudnt

70 584 100 640 is
114 581 198 641 diem
212 582 247 638 de
260 577 306 636 die
320 578 459 650 differret,
473 584 546 638 dum
564 582 761 657 Hippocrates
781 594 824 638 at-

72 680 135 736 que
150 659 283 720 Himilco
308 661 496 718 admoverent
515 672 609 718 castra
621 660 822 736 legionesque,

72 741 158 798 haud
171 739 286 805 dubius,
295 737 320 794 si
332 738 363 795 in
376 758 474 796 arcem
487 737 650 814 accepisset
661 759 720 810 eos,
729 739 822 811 deleri
835 736 838 738 ’

73 819 251 878 Romanum
263 819 429 876 exercitum
443 817 592 875 inclusum
608 818 704 876 muris
725 816 822 894 posse.
925 824 928 891 J

75 897 242 955 Marcellus
256 906 290 952 ut
312 897 475 970 Euryalum
500 914 597 970 neque
623 897 707 966 tradi,
727 895 823 972 neque
926 908 927 935 ³

73 975 145 1048 capi
158 973 230 1032 vidit
243 992 329 1048 posse
344 995 352 1029 ι
374 975 450 1032 inter
462 975 619 1049 Neapolim
640 988 669 1033 et
683 976 822 1050 Tycham

74 1054 214 1130 (aomina
226 1053 356 1127 partium
366 1054 457 1123 urbis,
467 1066 496 1112 et
506 1055 596 1111 instar
608 1053 727 1113 urbium
740 1058 821 1126 sunt)

75 1133 179 1208 posuit
191 1142 303 1190 castra:
324 1131 432 1189 timens
445 1151 493 1202 ne,
506 1133 532 1190 si
543 1131 706 1208 frequentia
717 1137 823 1190 intras·

76 1221 125 1275 set
145 1213 218 1279 loca,
231 1210 372 1268 contineri
393 1213 428 1268 ab
449 1213 582 1270 discursu
614 1213 701 1269 miles
720 1212 823 1268 avidus

76 1290 189 1362 praedae
203 1307 260 1345 non
275 1299 383 1364 posset.
434 1289 540 1367 Legati
553 1308 589 1347 eo
602 1293 637 1346 ab
651 1287 780 1363 Thycha
793 1299 822 1346 et
886 1343 890 1348 .

78 1367 217 1442 Neapoli,
230 1385 300 1424 cum
314 1367 415 1432 infulis
429 1379 458 1428 et
470 1369 643 1427 velamentis
655 1380 797 1426 venerunt
810 1386 822 1434 3

77 1455 233 1518 precantes
245 1455 279 1502 ut
293 1446 309 1504 d
323 1445 453 1504 caedibus
477 1460 507 1505 et
519 1449 555 1504 ab
567 1445 709 1504 incendiis
721 1463 823 1521 parce·

79 1535 171 1582 retur.
210 1522 258 1580 De
271 1543 399 1600 quorum
411 1527 549 1600 precibus
562 1525 652 1600 quarn
668 1523 822 1598 postulatis

79 1603 178 1678 magis
191 1601 312 1660 consilio
325 1602 423 1661 habito
434 1625 442 1672 ;
457 1604 619 1661 Marcellus
633 1621 672 1660 ex
686 1603 821 1661 omnium

79 1680 225 1739 sententia
238 1680 331 1740 edixit
342 1681 534 1751 militibusme
547 1679 747 1755 quisliberum
760 1697 825 1737 cor·
849 1745 852 1750 Δ

79 1779 139 1836 pus
150 1759 271 1816 riolaert
284 1780 292 1816 ε
313 1761 537 1834 caeterapraedae
548 1758 651 1815 futura.
661 1761 825 1832 Castraque

78 1839 164 1896 tectis
176 1838 324 1912 parietum
337 1855 391 1912 pro
400 1855 488 1895 muro
498 1846 588 1911 septa,
600 1836 693 1908 portis
702 1837 823 1912 regione

81 1918 244 1993 platearum
265 1915 430 1990 patentibus
464 1917 603 1973 stationes
628 1915 827 1993 praesidiaque

81 1994 231 2070 disposuit,
244 2012 281 2052 ne
294 1995 361 2070 quis
379 1995 408 2052 in
430 1996 566 2054 discursu
580 1993 708 2051 militum
730 1992 824 2068 impe·

82 2086 131 2132 tus
144 2073 173 2132 in
184 2084 279 2132 castra
292 2073 358 2132 lieri
370 2084 481 2150 posset.
501 2071 573 2131 lndd
590 2074 676 2149 signo
689 2072 755 2130 dato
768 2071 823 2132 m‘o

82 2153 147 2211 lites
159 2151 377 2211 discurrerunt:
399 2151 593 2228 refractisque
607 2151 716 2208 loribus
728 2149 824 2228 quum
926 2200 927 2203 ,

83 2231 180 2290 omnia
193 2241 305 2303 terrore
318 2251 352 2290 ac
365 2235 494 2290 tumultu
509 2241 682 2306 streperent,
701 2229 719 2288 a
738 2231 825 2287 caedi·

82 2307 247 2372 bosamen
267 2321 464 2385 temperatum
487 2321 540 2381 est,
581 2306 702 2381 Rapinis
724 2311 825 2366 nullus
926 2350 928 2357 >

84 2389 147 2447 ante
166 2392 280 2448 modus.
290 2389 354 2458 fuit,
368 2387 457 2464 qudrn
471 2387 571 2446 omnia
582 2388 721 2444 diuturna
729 2387 825 2446 felici·

83 2478 142 2528 tate
159 2469 564 2542 curnulata‘laonaegessere.
584 2507 591 2522 .
614 2507 620 2520 .
643 2507 650 2520 .
671 2504 679 2527 ,.
702 2509 709 2523 ,
730 2507 737 2522 .
758 2508 766 2523 .
787 2502 824 2524 .-.

125 2587 246 2604 .....
267 2544 371 2614 Quum
397 2548 491 2603 rnulta
515 2543 618 2602 deinde
644 2543 704 2612 ira,
729 2546 825 2602 multa
852 2546 856 2552 ’

85 2621 644 2699 orantiafoedaexemplaederentur;
667 2623 827 2680 Archime-

84 2703 148 2770 den,
160 2701 316 2760 memoriae
327 2704 474 2778 proditum
485 2713 540 2771 est,
552 2700 584 2758 in
596 2702 825 2768 tantotumultu,

87 2780 227 2865 quanuim
240 2792 324 2858 capta
336 2785 408 2842 urbs
421 2782 451 2838 in
463 2781 599 2843 &scursa
620 2776 825 2852 diripientium
926 2806 928 2859 q
