1875 3267
456 345 519 404 366
535 379 540 384 -

128 497 232 562 Cottae,
252 489 368 568 tegatis,
394 491 425 548 in
448 489 630 564 Menapioa,¹
653 468 744 566 atque
767 492 799 548 iu
822 509 871 548 eos

127 593 219 651 pagos
236 571 436 637 Morinorum,
460 571 496 624 ab
519 571 624 641 quibus
645 572 682 627 ad
695 589 767 628 eum
780 569 869 645 legati

126 672 187 711 non
208 659 357 718 venerant,
377 648 584 704 deducendum
604 647 701 705 dedit:
723 651 755 705 P.
776 649 870 722 Sulpi·
916 644 918 649 ’

94 773 95 780 1
127 731 209 790 cium
222 728 336 787 Rufum
351 729 479 803 legatum
494 743 564 782 cum
580 737 615 783 eo
629 726 777 800 praesidio,
792 728 870 800 quod

128 811 199 868 satis
214 827 280 866 esse
294 804 493 869 arbitrabatur,
512 814 635 877 portum
654 816 756 862 tenere
774 803 871 882 jussit.

128 889 188 948 His
213 884 379 945 constitutis
404 884 512 948 rebus3
542 892 650 940 nactus
675 883 812 942 idoneam
835 884 871 946 ad
916 920 918 927 =

79 980 83 988 ’
127 965 329 1042 navigandum
342 970 559 1035 tempestatem,
577 963 667 1019 tertia
687 961 750 1018 iere
769 959 872 1036 vigilia

132 1047 238 1113 solvit3
254 1041 424 1116 equitesque
435 1039 466 1095 in
476 1039 652 1096 ulteriorem
673 1050 795 1114 portum
807 1055 869 1114 pro

133 1123 227 1200 gredi,
238 1131 267 1180 et
277 1137 366 1176 naves
375 1117 581 1186 conscendere,
591 1137 625 1176 ac
636 1137 668 1176 se
679 1118 763 1192 sequi
774 1116 871 1194 jussit:

133 1205 169 1260 ab
183 1200 288 1275 quibus
302 1196 397 1271 quum
411 1195 498 1269 pauld
509 1194 623 1254 tardius
641 1206 721 1255 esset
735 1197 871 1254 adminis-

131 1289 253 1344 tratum,
271 1277 333 1348 ipse
347 1277 420 1336 horb
430 1272 548 1343 circiter
556 1273 614 1332 diei
627 1286 670 1344 tv,
685 1273 872 1348 cumprimis

128 1357 250 1415 navibus
264 1352 446 1410 Britanniam
460 1353 567 1427 attigit,
586 1362 675 1428 atque
689 1352 721 1410 in
738 1351 871 1410 omnibus

134 1435 256 1492 collibus
280 1427 431 1504 expositas
462 1432 593 1489 hostium
622 1431 725 1506 copias
748 1441 872 1487 armatas

134 1510 297 1586 conspexit.
324 1507 421 1584 Cujus
433 1509 493 1567 loci
507 1511 571 1565 haec
586 1519 647 1567 erat
659 1522 784 1567 natura:
806 1509 873 1565 aded

134 1588 284 1648 urentibus
304 1587 438 1662 angustis
453 1605 535 1644 mare
556 1586 768 1654 continebatur,
789 1597 872 1643 uter

135 1669 210 1726 iocis
223 1665 425 1740 superioribus
437 1665 467 1722 in
484 1667 564 1723 littus
583 1667 689 1734 tellum
711 1666 802 1739 adjici
813 1682 873 1736 pos·

136 1756 190 1804 set.
230 1747 321 1802 Hunc
335 1744 370 1800 ad
384 1744 596 1818 egrediendum
606 1742 799 1819 nequaquem
817 1743 873 1799 ido·
916 1798 918 1803 .

135 1843 228 1882 neum
241 1823 395 1882 arbitratus
417 1825 528 1889 locum,
547 1821 620 1880 ddm
643 1822 768 1896 reliquae
791 1839 874 1878 naves

135 1900 174 1960 eb
193 1899 391 1968 convenirent,
417 1901 453 1957 ad
467 1903 571 1958 horam
584 1917 620 1954 rx
632 1900 663 1956 in
677 1900 817 1958 anchoris
829 1919 873 1954 ex·

136 1979 286 2055 spectavit.
328 1975 452 2034 Interim
465 1980 580 2053 legatis,
599 1979 787 2052 tribunisque
802 1979 874 2035 mili-

136 2070 201 2115 tum
214 2056 388 2122 convocatis,
409 2065 438 2113 et
459 2074 527 2129 quae
542 2077 580 2112 ex
596 2058 749 2114 Voluseno
769 2075 872 2132 cogno

136 2137 237 2202 visset,
248 2144 278 2191 et
286 2151 354 2207 quae
363 2133 427 2190 fieri
436 2135 535 2201 vellet,
543 2136 685 2191 ostenditz
698 2136 875 2210 monuitque,

137 2225 170 2271 ut
181 2211 224 2271 rei
234 2210 371 2268 militaris
379 2212 462 2278 ratio,
476 2212 607 2269 maxime
618 2225 707 2269 utres
721 2213 874 2270 maritima
916 2204 918 2245 7

136 2292 328 2367 postularent,
338 2292 384 2358 (ut
391 2308 457 2362 quae
468 2293 607 2358 celerem,
615 2303 704 2364 atque
713 2290 875 2348 instabilem

136 2382 253 2426 motum
279 2369 432 2440 haberent)
453 2370 488 2424 ad
509 2380 614 2426 nutum
641 2379 670 2425 ct
693 2371 728 2425 ad
750 2379 875 2442 tempus,

137 2466 242 2504 nutries
263 2464 311 2502 res
331 2447 367 2501 ab
387 2446 423 2502 iis
437 2447 721 2504 administrarentur.
758 2449 820 2505 His
839 2445 876 2500 di·

137 2526 248 2587 missis,
281 2535 457 2591 ervenium,
478 2535 507 2580 et
531 2537 636 2582 aestum
663 2544 723 2582 uuo
746 2534 875 2598 tempore

136 2613 240 2659 nactus
264 2602 437 2663 secundum,
458 2605 524 2658 dato
545 2604 640 2676 signo,
655 2615 685 2659 et
697 2602 818 2660 sublatis
831 2620 876 2658 an·
916 2612 918 2643 ¹

138 2679 245 2744 choris,
255 2677 374 2732 circiter
387 2678 479 2734 miliia
493 2696 634 2752 passuum
645 2682 807 2748 v111,abeo
816 2682 875 2736 loco

195 2851 205 2878 1
227 2845 367 2905 Menapios.
403 2845 614 2912 inhabitantsof
628 2849 771 2898 Gueldres.
