1875 3267
381 297 439 362 821

37 463 120 510 erant
135 455 176 511 ad
190 471 240 512 me
251 447 356 520 delata,
370 461 488 528 reperta
501 469 559 511 uon
572 466 680 525 essent,
690 465 798 514 tamen

38 553 92 607 ego
106 550 169 590 nnn
187 530 395 591 arbitrabar-in
416 530 505 588 tantis
518 531 692 605 reipublicae
716 536 794 608 peri-

38 611 110 668 culis
119 611 203 668 mihi
214 619 281 668 esse
299 610 423 668 nimiam
438 609 620 685 diligentiam
636 612 792 687 pertimes-

37 691 173 746 cendam.
216 689 360 750 Senatum
381 687 568 763 frequentem
594 691 738 760 celeriter,
758 705 792 750 ut

36 768 160 836 vidistis,
174 768 275 844 coegi.
317 765 418 842 Atque
435 767 549 826 intereat
568 770 679 836 statim,
692 772 792 828 admo·

37 846 100 904 nitu
129 849 343 924 Allobrogum,
363 847 397 904 C.
426 845 594 920 Sulpicium
618 849 796 919 Proetorenn.
837 896 839 903 ,

36 924 143 984 ionem
167 925 279 993 virum,
293 925 372 993 misi,
397 923 502 998 quiex
518 924 631 985 aedibus
655 926 795 1002 Cethegi,
894 915 901 937 ⁸

38 1003 60 1058 si
75 1006 148 1073 quid
162 1007 294 1065 telorum
307 1015 394 1071 esset,
407 1003 548 1060 efferret:
569 1023 608 1062 ex
623 1004 732 1078 quibus
744 1006 793 1062 ille

37 1077 212 1142 maximum
226 1079 358 1140 sicarum
382 1097 546 1139 numerum
567 1093 598 1140 et
619 1084 792 1160 gladiorum

38 1163 151 1218 extulit.
349 1202 355 1208 «
660 1159 665 1168 “

75 1241 235 1300 Introduxi
246 1237 441 1300 Vulturcium
451 1237 514 1297 sine
525 1239 640 1298 Gallis:
662 1239 793 1299 fidemei

39 1319 193 1390 publicam
213 1319 297 1398 jussu
321 1321 442 1376 senatus
454 1319 522 1376 dedi
537 1339 546 1374 t
568 1323 701 1379 hortatus
714 1338 793 1390 sum,

39 1408 69 1452 ut
83 1413 207 1474 eaquae
220 1397 320 1465 sciret,
341 1396 405 1456 sine
428 1407 511 1455 metu
523 1398 675 1457 indicaret.
707 1402 792 1456 Tum

39 1475 96 1542 ille,
115 1476 193 1536 oiim
204 1477 254 1534 vix
268 1495 300 1534 se
322 1495 359 1534 ex
373 1494 483 1552 magno
495 1477 604 1535 timore
617 1488 792 1546 recreasset,

41 1553 126 1615 dixit,
140 1555 170 1613 d*
184 1559 215 1614 P.
230 1557 357 1614 Lentulo
383 1574 415 1612 se
437 1557 545 1613 habere
568 1559 605 1615 ad
630 1556 791 1614 Catilinam

39 1635 177 1696 mandata
191 1647 222 1692 et
235 1636 355 1703 litteras,
363 1643 396 1692 ut
409 1651 566 1691 servorum
576 1634 713 1708 prasidio
727 1643 792 1690 ute·

40 1722 127 1782 retur,
141 1724 172 1772 et
187 1714 222 1771 ad
235 1715 341 1771 urbem
355 1710 447 1786 quam
468 1710 604 1786 primum
617 1731 690 1769 cum
703 1721 791 1769 exer·

42 1789 97 1848 citu
111 1795 288 1851 accederet:
310 1791 343 1849 id
354 1801 457 1848 autem
469 1806 506 1846 eo
518 1788 652 1858 consilio,
666 1800 708 1857 ut,
722 1786 793 1860 cum

40 1871 146 1928 urbem
166 1873 306 1928 omnibus
319 1889 357 1926 ex
372 1867 514 1944 partibus,
537 1867 792 1942 quemadmodum

40 1945 221 2025 descriptum
228 1947 481 2020 distributumque
495 1957 571 2015 erat,
579 1947 792 2014 incendissent,

42 2028 213 2104 caedemque
226 2026 373 2086 infinitam
386 2024 498 2084 civium
516 2025 666 2095 fecissent,
678 2022 792 2101 praestd

41 2116 116 2162 esset
123 2107 184 2170 ille,
196 2107 248 2182 qui
259 2116 288 2162 et
301 2105 449 2182 fugientes
458 2103 622 2180 exciperet,
630 2117 660 2163 et
673 2124 706 2162 se
719 2122 791 2162 cum

42 2181 554 2260 hisurbanisducibusconjungeret.
569 2181 795 2243 Introductiau·

41 2271 98 2317 tem
108 2263 198 2332 Galli,
205 2264 416 2346 jusjurandum
426 2261 480 2320 sibi
489 2274 519 2320 et
527 2261 707 2321 litterasdP.
716 2261 793 2318 Len·

42 2340 110 2410 tulo,
123 2345 269 2418 Cethego,
287 2341 399 2398 Statilio
419 2340 454 2399 ad
476 2360 561 2399 suam
575 2353 696 2417 gentem
711 2341 793 2398 datas

39 2417 793 2498 assedixerunt:atqueitdsibietabhisetdh.Cas·

41 2496 82 2552 aio
91 2499 391 2576 easepraescriptum,
403 2510 437 2556 ut
450 2497 615 2571 equitatum
630 2499 661 2554 in
675 2495 791 2557 ltaliam

42 2574 130 2646 quam
144 2577 278 2654 primum
292 2578 452 2644 mitterent,
464 2576 615 2650 pedestres
626 2574 680 2632 sibi
690 2573 791 2646 copias

43 2665 100 2720 nun
113 2655 265 2718 defuturas
281 2676 288 2710 ε
311 2659 475 2715 Lentulum
496 2665 600 2713 autern
614 2653 668 2711 sibi
683 2650 790 2710 coufir-

43 2743 153 2805 masse,
165 2755 202 2811 ax
216 2736 283 2795 fatis
303 2732 705 2808 ,Sibyllinis'aruspicumque
728 2747 790 2784 res-

41 2811 180 2884 parasse
195 2831 263 2886 §aaa
279 2813 404 2874 tertium
426 2813 512 2870 illum
539 2805 724 2873 Cornelium,
751 2807 788 2865 ad
