1875 3267
244 177 263 192 ''
343 275 345 278 Ι
391 197 449 262 311

200 371 443 500 rorrrirr
464 419 525 485 or
549 420 714 489 sum-.-

118 611 202 684 Sylia
227 610 323 686 gentis
343 609 468 683 patriciae
494 610 598 667 nobilis
624 609 690 681 fuit,
709 611 826 670 familiai·

71 687 173 766 pmpd
184 689 248 765 jam
260 689 406 746 exstin‘ctd
420 688 569 766 majorum
577 689 703 765 ignavie,
716 690 823 749 litteris

71 766 193 843 graeeis
206 777 293 842 atque
307 767 411 836 latinis,
429 764 518 844 juxtti
538 775 626 842 atque
652 767 821 826 doctissimd
870 823 873 828 .

72 845 223 923 eruditus,
236 846 335 903 animo
348 845 470 920 ingenti,
492 846 617 920 cupidus
630 847 821 920 voluptatum,

74 925 135 981 sed
148 923 247 1000 glorie
262 923 394 996 cupidior
409 944 417 978 ε
438 924 499 982 otio
511 923 667 981 luxurioso·
677 942 742 980 esse
757 946 765 991 ;
779 937 821 981 ta-

71 1019 152 1059 men
164 1005 198 1058 ab
208 1003 333 1078 negotiis
342 1001 507 1077 numqudm
520 1004 654 1076 voluptas
667 1013 822 1072 remorata,

33 1135 35 1142 ,
73 1079 140 1136 nisi
153 1080 234 1155 qudd
246 1083 281 1138 de
295 1099 387 1138 uxore
398 1082 493 1155 potuit
507 1078 659 1140 honestids
681 1081 794 1136 consuli
810 1102 819 1150 ;
890 1091 893 1096 ’

74 1159 235 1229 facundus,
248 1158 381 1228 callidus
395 1169 423 1216 et
436 1159 566 1224 amicitie
589 1157 704 1217 facilis:
726 1160 763 1216 ad
782 1160 821 1216 si·

74 1237 220 1294 mulanda
232 1237 349 1312 negotia
361 1239 487 1296 altitudo.
495 1235 605 1332 ingenii
619 1236 795 1293 incredibilis
809 1257 818 1294 τ

74 1319 242 1372 multarum
252 1333 362 1383 rerum,
372 1335 404 1372 ac
415 1317 546 1373 maxime
555 1315 688 1389 pecuniae
696 1314 822 1390 largitor

75 1406 167 1469 atque
194 1393 234 1450 illi
260 1391 431 1450 felicissimo
457 1393 593 1450 omnium
614 1391 680 1451 antd
700 1391 829 1450 civilem,

74 1471 244 1538 victoriam,
254 1469 403 1546 nunqudm
415 1490 503 1546 super
515 1470 690 1540 industriam
702 1471 819 1529 fortuna

74 1550 155 1606 suit:
176 1549 318 1624 multique
334 1549 512 1617 dubitavere,
526 1549 638 1617 sortior,
651 1568 687 1605 an
702 1549 818 1606 felicior

75 1639 174 1686 esset:
195 1647 273 1696 nam„
287 1627 463 1702 posterique
479 1628 593 1693 fecerit,
606 1628 753 1684 incertum
766 1628 817 1682 ha-

73 1709 143 1774 beo,
154 1707 259 1779 pudeat
273 1708 368 1782 magis
391 1724 427 1762 an
446 1705 546 1782 pigeat
558 1705 710 1762 disserere.

219 1889 281 1951 His
303 1889 475 1952 conductio
492 1891 543 1950 the
558 1885 668 1970 Army.

114 2058 278 2133 Postquam
287 2059 316 2114 in
331 2057 472 2123 Africam,
481 2068 567 2132 atque
579 2058 607 2113 in
618 2068 712 2114 castra
725 2057 816 2116 Marii

72 2157 145 2195 eum
158 2138 287 2212 equitatu
297 2138 385 2204 venit,
394 2137 476 2194 rudis
486 2134 571 2193 anted
579 2147 608 2192 et
618 2135 737 2212 ignarus
748 2138 815 2195 belli

72 2216 285 2272 solertissimus
299 2217 430 2272 omnium
440 2215 469 2272 in
480 2214 581 2286 paucis
594 2215 817 2288 tempestatibus

73 2295 168 2352 factus
179 2305 230 2350 est.
253 2293 300 2352 Ad
314 2296 377 2366 hqc,
392 2290 503 2367 milites
513 2290 638 2367 benigne
652 2295 813 2365 appellare:

72 2371 178 2430 multis
192 2371 372 2445 rogantibus,
388 2370 453 2429 aliis
466 2388 564 2446 perse
575 2372 636 2442 ipse
650 2373 719 2428 dare
729 2374 816 2428 bene·

72 2451 164 2508 ficia:
187 2450 292 2506 invitus
319 2449 462 2522 accipere,
484 2451 586 2506 sedes
610 2447 816 2520 properantiae

72 2547 163 2602 quam
178 2548 216 2586 aes
228 2538 366 2586 mutuum
380 2529 501 2584 reddere
517 2547 525 2593 ;
548 2526 611 2600 ipse
625 2529 660 2582 ab
674 2526 755 2582 nullo
768 2543 816 2580 re‹

71 2619 175 2680 petere
192 2630 199 2677 ;
221 2607 317 2680 magis
336 2607 364 2662 1d
390 2607 529 2672 laborare,
543 2616 575 2659 ut
588 2603 628 2658 illi
642 2621 732 2674 quam
750 2605 815 2675 plu·-

70 2688 143 2744 rimi
155 2689 294 2744 deberent
308 2702 316 2736 ε
335 2683 402 2759 joca
416 2685 503 2758 atque
517 2681 593 2739 seria
619 2699 689 2736 cum
705 2680 815 2736 humil·
