1875 3267
445 216 505 292 195
561 194 591 303 J

78 363 165 420 urbs
177 359 334 430 insolitum
348 358 411 431 imo
424 357 543 419 herculi
555 356 717 435 produntur
726 378 761 418 ea
774 374 839 418 om·

80 439 142 503 nia
154 442 253 498 deleto
266 441 323 498 hoc
334 439 482 509 exercitu,
495 456 552 496 non
567 454 727 496 servantur.
762 438 843 509 Quis'

79 518 176 577 enim
191 522 226 577 ea
237 520 389 577 tuebitur?
411 518 538 577 imbellis
547 517 681 575 videlicet
693 528 779 593 atque
794 518 838 573 in·

80 595 187 656 ermis
201 583 375 664 multitudo}
397 597 460 655 tlm
484 594 613 664 hercule,
635 614 720 669 quam
736 596 753 653 al
767 598 837 654 Gal·

78 679 190 735 lorum
204 677 317 749 impetu
330 678 468 735 defendit.
478 679 526 735 An
536 673 553 731 el
565 675 650 732 Veiis
661 676 837 745 exereitum,

80 755 313 830 Camillumque
326 756 431 815 ducem
445 756 643 827 implorabunt
657 752 667 808 ἓ
701 750 760 811 Hic
773 772 837 813 om·

79 852 144 892 nes
160 853 232 909 spes
244 839 375 909 opesque
388 847 475 892 sunt:
496 852 569 909 quas
583 834 734 900 servando,
747 833 836 907 patri-

84 932 141 970 am
171 931 344 970 servamus:
367 915 499 972 dedendo
520 913 556 969 ad
577 930 693 977 necem,
710 910 837 984 patriam

84 989 269 1057 deserimus,
283 1011 317 1047 ac
329 992 492 1066 prodimus.
514 993 554 1049 At
562 991 641 1047 foeda
656 986 745 1065 atque
758 988 840 1065 igno·

86 1068 346 1129 miniosa‘deditio
359 1081 421 1138 est;
441 1072 493 1129 sed
507 1088 542 1127 ea
554 1071 659 1126 caritas
669 1066 773 1142 patriae
784 1076 838 1137 est,

86 1158 125 1206 ut
138 1147 203 1206 ta‘m
216 1149 381 1225 ignominiis
394 1169 460 1207 eam
475 1147 565 1223 quim
581 1157 675 1205 morte
689 1148 799 1213 nostri,
814 1146 838 1204 si

85 1244 169 1302 opus
179 1227 225 1295 εἰς
235 1246 397 1285 servemus.
419 1230 564 1297 Subeatur
573 1224 644 1301 ergo
654 1225 709 1283 ista
718 1234 838 1299 quanta·

86 1324 223 1380 cumque
237 1317 283 1366 est
303 1306 483 1383 indignitas:
506 1318 534 1364 et
548 1314 686 1380 pareatur
707 1304 838 1361 necessi·

86 1384 152 1452 tati,
165 1404 254 1459 quam
267 1403 305 1443 ne
320 1385 371 1443 Dii
385 1382 505 1461 quidem
520 1395 666 1458 supepant.
700 1386 753 1450 lte,
766 1402 836 1440 con·

89 1466 182 1531 sules,
203 1464 339 1522 redimite
359 1465 450 1523 armis
470 1463 630 1532 civitatem,
651 1482 742 1539 quam
763 1480 837 1519 auro

88 1542 223 1616 majores
237 1544 328 1601 vestri
341 1547 539 1602 redemerunt.

130 1622 409 1695 Consulesprolecti
417 1624 452 1679 ad
461 1622 597 1679 Pontium
606 1620 637 1677 in
647 1618 828 1698 colloquium

91 1695 189 1773 qutim
203 1701 240 1757 de
254 1699 361 1757 foedere
374 1701 468 1757 victor
478 1701 611 1776 agitaret,
619 1701 778 1774 negitrnnt,
792 1697 837 1755 in·

89 1776 179 1855 jussu
198 1778 301 1852 populi
320 1777 417 1836 foedus
436 1777 501 1835 fieri
522 1797 628 1854 posse:
650 1794 705 1835 nec
719 1794 782 1833 stne
795 1775 837 1835 fe·

92 1856 222 1925 cialibus,
232 1858 465 1932 caerimoniique
479 1856 537 1914 aliu
551 1855 683 1914 solemni.
724 1853 838 1931 ltaque,

93 1952 160 2004 non,
173 1946 206 1993 ut
215 1935 306 2012 vulgo
319 1937 450 2005 creduut,
459 1935 658 2011 Claudiusque
668 1932 754 2002 etiam
766 1934 837 1993 scri·

93 2013 142 2081 bit,
154 2014 261 2073 foedere
274 2033 333 2089 pax
347 2013 489 2085 Caudina,
503 2015 556 2071 sed
569 2032 622 2088 per
644 2014 833 2085 sponsionem

96 2091 168 2151 lacta
175 2105 229 2151 est.
248 2092 329 2165 Quid
338 2094 420 2151 enim
430 2104 481 2151 aut
491 2091 678 2165 sponsoribus
695 2093 833 2151 infodere

96 2188 168 2245 opus
180 2183 267 2240 esset,
285 2184 335 2230 aut
355 2171 515 2241 obsidibus,
534 2170 584 2230 ubi
606 2172 775 2246 precatione
789 2190 835 2229 res

95 2243 283 2325 transigitur?
302 2269 355 2325 per
368 2269 461 2327 quem
475 2252 621 2327 populum
635 2248 694 2317 fiat,
707 2251 766 2327 quo
780 2250 836 2306 mi-

98 2325 153 2385 mls
169 2327 282 2403 legibus
300 2328 387 2386 dictis
412 2339 517 2399 stetur,
530 2340 564 2387 ut
577 2346 649 2387 eum
663 2327 703 2386 itt
716 2330 834 2405 Jupiter

97 2406 184 2474 feriat,
193 2405 443 2481 quemadmodum
452 2406 468 2465 zi
479 2407 629 2467 fecialibus
636 2424 743 2487 porcus
751 2408 838 2477 seria·

97 2483 161 2543 tur?
180 2485 405 2561 spoponderunt
426 2487 580 2556 Consules,
594 2486 694 2563 legati,
707 2498 835 2562 quaesto·
930 2490 931 2527 ἒ

99 2582 152 2633 res,
171 2563 295 2621 Tribuni
316 2563 468 2623 militum:
490 2566 668 2639 nominaque
686 2566 832 2632 omnium,

98 2645 144 2719 qui
164 2644 392 2717 spoponderunt,
412 2653 531 2704 extant:
552 2644 612 2715 ubi,
625 2642 650 2699 si
668 2662 707 2699 ex
721 2642 831 2699 foedere
930 2664 931 2693 t

99 2732 157 2782 acta
168 2741 214 2784 res
228 2732 318 2795 esset,
329 2722 533 2801 praeterquam
546 2726 673 2783 duorum
682 2718 832 2779 fecialium
