1875 3267
303 352 308 363 =
395 318 486 391 ,229

71 474 197 545 gentem
209 476 352 525 terrorem
363 467 479 545 adjecit.
510 468 567 527 Per
579 466 678 527 omnia
690 473 756 529 nive
767 488 820 547 op·
895 516 899 547 ,

69 550 155 620 pieta
167 544 272 622 qudm,
285 546 377 623 siguis
391 548 490 621 prim&
504 550 569 605 luce
582 548 678 619 motis,
688 549 820 626 segniter

69 640 186 701 'agmen
200 625 358 695 incederet,
379 626 556 702 pigritiaque
570 636 599 683 et
613 626 774 703 desperatio
788 628 819 686 in

68 705 213 762 omnium
233 707 317 762 vultu
338 705 499 774 emineret;
532 722 716 781 praegressus
737 708 820 783 signa
920 762 923 773 ,

70 782 213 852 Annibal,
232 782 262 839 in
275 784 475 858 promontorio
494 786 630 859 quodam,
643 784 720 841 unde
733 784 820 861 longe

70 881 108 921 ac
122 859 179 920 late
191 872 367 936 prospectus
380 874 451 930 erat,
464 864 624 919 consistere
636 860 729 939 jussis
742 862 821 921 mili-

67 941 165 1010 tibus,
183 941 300 999 Italiam
320 952 455 1009 ostentat,
476 940 682 1019 subjectosque
703 940 821 1013 Alpinis

69 1018 227 1077 montrbus
239 1018 481 1095 circumpadanos
496 1038 636 1094 campos:
652 1021 820 1094 moeniaque

67 1116 126 1157 ‘eos
139 1095 206 1156 tdm
225 1103 438 1167 transcendere,
458 1117 517 1157 non
540 1098 631 1157 ltaliae
653 1101 750 1168 modo,
771 1098 822 1155 sed

72 1178 165 1235 etiam
178 1177 259 1235 urbis
278 1178 431 1236 Romanae.
472 1180 588 1235 Caetera
608 1180 703 1252 plana,
716 1176 822 1251 proeli·

68 1253 206 1324 vialore,
218 1274 287 1324 uno,
308 1268 358 1313 aut
372 1274 524 1314 summum
545 1256 637 1315 altero
657 1254 762 1331 praelio
777 1274 822 1313 ar·

72 1354 143 1393 cern
157 1346 187 1393 et
199 1346 288 1409 caput
299 1336 393 1415 Italiae
404 1336 434 1392 in
443 1354 534 1393 manu
547 1354 581 1391 ac
592 1344 736 1407 potestate
743 1334 823 1391 habi·

70 1424 167 1471 turos,
187 1411 423 1472 Procedereinde
436 1430 544 1490 agmen
558 1414 664 1486 coepit;
677 1413 823 1491 jamnihil

70 1508 112 1551 ne
125 1493 258 1551 hostibus
278 1493 407 1569 quidem,
427 1502 537 1567 praeter
557 1491 648 1565 parra
667 1492 745 1550 furta
766 1510 821 1567 per

71 1569 262 1630 occasionem
275 1573 461 1629 tentantibus.
483 1568 636 1629 Caeterdm
651 1572 706 1629 iter
717 1569 821 1639 multo,

72 1667 167 1725 quam
182 1652 212 1707 in
225 1670 349 1709 ascensu
362 1649 468 1719 fuerat,
482 1648 531 1725 (ut
544 1653 682 1725 pleraque
697 1650 823 1720 Alpium

73 1732 112 1786 ab
126 1730 210 1787 ltalia
224 1728 301 1787 sicut
313 1730 455 1795 breviora,
464 1727 506 1785 ita
519 1727 641 1785 arctiora
655 1730 735 1797 sunt)
749 1726 823 1783 diffi-

74 1806 164 1867 cilids
176 1806 239 1865 fuit.
280 1810 388 1868 Omnis
402 1806 483 1864 enim
504 1804 596 1863 ferme
610 1806 655 1862 via
674 1821 820 1877 praeceps,

73 1898 211 1965 angusta,
220 1888 331 1945 lubrica
345 1898 423 1943 erat:
438 1897 472 1940 ut
485 1882 580 1959 neque
590 1885 751 1941 substinere
763 1880 823 1941 sed

74 1968 164 2041 lapsu
179 1977 315 2039 possent3
338 1984 393 2022 nec
408 1965 432 2020 si
456 1964 508 2040 qui
531 1960 682 2037 paululdm
704 1961 823 2018 titubas·

74 2058 155 2114 sent,
165 2047 280 2103 haerere
291 2042 388 2103 afflicti
396 2042 520 2119 vestigio
532 2060 586 2097 suo
598 2065 605 2109 ;
620 2041 726 2117 aliique
735 2056 824 2115 super

75 2126 151 2185 alios
164 2134 193 2181 et
203 2125 337 2202 jumenta
349 2134 379 2180 et
392 2122 527 2179 homines
537 2122 713 2179 occiderent.

117 2205 252 2261 Ventum
272 2201 375 2259 deinde
394 2202 430 2258 ad
443 2200 538 2258 multo
559 2197 759 2277 angustiorem
773 2216 823 2254 ru·

73 2299 159 2360 pern,
171 2294 257 2355 atque
270 2279 313 2337 itt
327 2280 414 2338 rectis
428 2281 517 2347 saxis,
528 2289 560 2336 ut
573 2277 652 2355 aegre
666 2276 825 2351 expeditus

72 2364 164 2427 miles
187 2362 389 2426 tentabundus,
407 2360 601 2433 manibusque
619 2356 747 2416 retinens
768 2355 824 2413 vir·

76 2444 162 2519 guita
174 2460 207 2497 ac
222 2439 330 2513 stirpes
343 2440 422 2496 circa
436 2437 609 2504 eminentes,
623 2436 777 2513 demittere
791 2454 825 2491 se
871 2464 873 2469 ·

73 2531 187 2595 posset.
226 2521 341 2576 Natura
355 2521 437 2576 loeus
447 2518 510 2595 jam
531 2513 596 2573 ante
617 2530 760 2589 praeceps,
780 2532 825 2569 re·

75 2600 155 2657 centi
176 2601 259 2674 lapsu
280 2607 366 2656 terrac
380 2596 409 2653 in
433 2596 542 2671 pedum
562 2595 642 2651 mille
663 2590 823 2649 admoddm

75 2678 273 2743 altitudinem,
293 2677 436 2751 abruptus
454 2684 524 2731 erat.
565 2671 610 2731 Ibi
630 2672 733 2747 quiun'
745 2672 825 2727 velut

76 2760 115 2817 ad
129 2759 218 2817 linem
229 2756 286 2817 viae
298 2754 414 2831 equites
423 2751 630 2820 constitissent,
636 2747 754 2809 miranti
763 2752 825 2807 Au·

75 2838 166 2902 uibali
179 2856 250 2915 quae
271 2854 319 2910 res
340 2846 504 2892 moraretur
524 2849 642 2908 agmen,
661 2828 826 2898 nunciatur,

431 2927 453 2967 u
