1875 3267
332 407 335 412 ·
429 349 489 430 sar

82 521 202 598 vcorpori
215 520 340 580 adhibet.
360 518 587 579 Testamentum
601 521 771 596 Acerroniae
786 512 832 584 re·
926 490 928 561 ἶ

88 603 168 679 quiri
179 603 312 674 bonaque
325 597 473 673 obsignari
490 599 585 654 ubet:
606 598 636 655 id
648 611 762 658 tantum
772 619 830 659 non

88 698 143 756 per
156 677 384 738 simulationem.
408 681 449 734 At
457 675 580 744 Neroni,
593 679 713 735 nuntios
726 679 832 753 patrati

88 755 412 830 facinoris'opperieuti,
425 753 554 812 adfertur
564 755 689 811 evasisse
700 759 760 813 ictu
776 759 832 815 leri
926 758 928 831 f

39 837 40 844 '
87 837 231 902 sauciam,
244 845 274 891 et
287 832 427 892 hactenus
441 833 518 888 adito
530 833 700 891 discrimine
712 853 749 892 ne
763 854 833 894 auc·
926 856 927 873 ³

88 927 137 974 tor
148 912 337 972 dubitaretur.
358 913 441 968 Tum
452 929 558 984 pavore
568 910 722 980 exanimis
732 915 833 990 etjam
926 936 927 945 ¹

87 993 210 1074 jamque
230 990 327 1050 adfore
341 992 496 1055 obtestans,
508 989 644 1046 vindictae
666 1004 833 1064 properam,
926 990 927 1025 ³

89 1074 152 1132 sive
166 1070 282 1129 servitia
295 1077 433 1134 armaret,
445 1069 492 1124 vel
508 1067 636 1124 militem
650 1071 833 1139 accenderet,

91 1152 153 1214 sive
167 1151 204 1207 ad
216 1160 350 1206 senatum
363 1155 392 1204 et
407 1147 549 1218 populum
562 1148 742 1217 pervaderet,
762 1166 834 1204 nau-

89 1227 232 1306 fragium,
242 1236 272 1284 et
285 1229 399 1294 vulnus,
413 1235 441 1280 et
455 1221 623 1280 interfectos
636 1223 748 1283 amicos
759 1226 834 1303 obji.
926 1233 928 1237 ’

91 1310 216 1366 ciendos
229 1305 308 1379 quod
321 1301 422 1361 contri
434 1299 595 1358 subsidium
605 1301 678 1359 sibi?
699 1303 755 1373 nisi
764 1303 835 1377 quid

92 1387 230 1446 Burrhus
257 1393 287 1439 et
308 1385 422 1438 Seneca
444 1379 737 1455 expergiscerentur:
759 1401 834 1456 quos

92 1460 195 1523 statim
208 1461 363 1528 acciverat,
376 1461 523 1517 incertum
536 1477 572 1515 an
589 1468 618 1515 et
630 1458 696 1517 ante
708 1461 834 1537 ignaros.

94 1543 193 1620 Igitur
214 1543 337 1614 longum
357 1537 512 1611 utriusque
532 1537 681 1597 silentium
703 1558 740 1596 ne
759 1537 836 1596 irriti
872 1576 875 1587 =

92 1620 304 1685 dissuaderent,
324 1626 353 1672 et
374 1616 410 1672 ed
423 1617 597 1674 descensum
619 1619 783 1684 credebant,
803 1625 836 1674 ut
897 1683 900 1690 Ι

93 1699 153 1758 nisi
165 1693 378 1773 praeveniretur
391 1692 567 1768 Agripinna,
576 1697 759 1767 pereundum
774 1693 835 1751 Ne·

13 1819 14 1824 1
93 1775 163 1836 roni
186 1783 271 1832 esset.
302 1776 372 1830 Post
386 1775 499 1829 Seneca
520 1770 662 1828 hactenus
682 1773 835 1845 promtior,

13 1909 14 1929 ,
95 1855 243 1927 respicere
255 1850 416 1918 Burrhum,
425 1870 459 1908 ac
472 1848 621 1919 sciscitari,
631 1868 666 1908 an
679 1850 766 1907 militi
779 1852 836 1907 im-

12 1974 15 1988 ,
96 1932 226 2010 peranda
250 1931 349 1987 caedes
374 1928 469 1987 esset?
496 1930 549 1985 Ille
568 1927 760 2000 praetorianos
782 1931 836 1987 toti

13 2003 15 2054 ᾗ
96 2016 252 2072 Caesarum
265 2007 365 2066 domui
379 2007 543 2072 obstrictos
556 2018 586 2063 et
598 2025 748 2067 memores
761 2008 837 2066 Ger·

95 2088 216 2155 manici,
238 2084 311 2143 nihil
324 2083 464 2142 adversius
486 2084 660 2160 progeniem
674 2086 738 2164 ejus
751 2098 836 2144 atrox

13 2239 14 2244 η
83 2169 225 2230 ausuros
237 2163 405 2238 respondit:
425 2174 606 2238 perpetraret
619 2165 763 2222 Anicetus
771 2182 838 2238 pro·

13 2299 15 2306 ,
98 2247 201 2304 missa.
241 2244 299 2315 Qui
321 2241 393 2302 nihil
407 2253 572 2306 cunctatus,
582 2242 676 2316 poscit
688 2258 838 2302 summam

38 2351 40 2357 ¹
97 2321 226 2382 sceleris.
267 2322 315 2380 Ad
336 2319 418 2377 iliam
431 2339 536 2378 vocem
550 2323 639 2388 Nero,
660 2319 709 2379 illo
723 2323 777 2379 sibi
791 2323 837 2378 die
926 2316 927 2379 ζ

12 2448 14 2453 ,
98 2403 162 2460 dari
183 2398 354 2476 imperium,
380 2409 591 2473 auctoremque
612 2401 684 2457 tanti
704 2399 839 2458 muneris
906 2402 927 2467 J

13 2477 15 2514 ³
98 2481 237 2539 libertum
251 2477 411 2551 profitetur.
441 2480 501 2534 lret
514 2476 646 2550 propere,
660 2479 839 2550 duceretque
926 2524 928 2540 .

14 2607 15 2612 ,
99 2558 320 2634 promtissimus
339 2559 375 2614 ad
394 2555 485 2632 jussa.
527 2557 603 2628 lpse,
616 2557 711 2613 audito
723 2556 839 2614 venisse

13 2635 16 2696 Q
98 2637 196 2693 missu
205 2635 379 2710 Agrippinae
388 2634 525 2691 nuntium
535 2633 711 2706 Agerinum,
719 2653 840 2692 scenam

13 2713 14 2717 ’
102 2711 323 2772 ultrd'criminis
344 2723 444 2787 parat:
467 2710 657 2786 gladiumque
671 2710 741 2769 dum
755 2731 842 2770 man-

13 2843 15 2856 ,
102 2792 167 2848 data
189 2791 310 2863 perfert,
332 2788 430 2866 abjicit
456 2790 531 2846 inter
552 2791 644 2860 pedes
667 2791 751 2864 ejus:
772 2802 841 2847 tum

13 2871 14 2874 ’
99 2869 387 2942 qua-sideprehenso,
403 2869 500 2925 vincla
513 2867 592 2943 injici
611 2867 712 2942 jubet:
733 2879 766 2924 ut
779 2867 840 2924 exi·
926 2918 927 2921 ,

97 2947 176 3010 tium
198 2944 340 3022 principis
362 2947 496 3004 molitam
520 2955 657 3017 matrem,
679 2955 709 3004 et
730 2947 840 3020 pudore
