1875 3267
133 359 401 433 onritteret,plu1es
414 374 504 415 naves
520 357 667 415 admoveri
677 355 765 435 jubet
776 359 869 415 delec-

132 447 235 511 tosque
248 433 376 493 militum
389 435 509 511 imponi.
548 435 588 493 Et
606 434 679 493 forte
697 438 797 495 bellua
807 436 868 494 inu·
912 460 914 474 ’

132 513 225 571 sitatae
238 513 456 589 magnitudinis,
469 531 558 589 super
570 513 650 587 ipsos
662 513 772 574 fluctus
786 516 868 571 dorso
912 537 913 540 ¹

133 590 275 659 eminens,
287 593 324 649 ad
335 595 444 650 molem
452 610 544 667 quam
553 593 732 649 Macedones
738 592 868 669 jecerant

132 671 236 745 ingens
244 688 350 745 corpus
357 670 506 745 applicuit,
519 669 764 745 diverberatisque
777 670 867 729 flucti·
912 717 913 720 ,

130 750 185 805 bus
198 749 323 806 allevans
336 758 439 817 semet,
459 747 609 823 utrimque
626 759 785 823 conspecta
806 758 866 815 est;

132 822 233 883 deinde
250 823 369 901 despite
383 826 470 883 molis
483 824 657 885 rursds-alto
666 845 698 885 se
711 826 867 893 immersit,
913 857 915 860 ·

131 923 165 961 ac
177 903 266 961 modd
279 922 368 979 super
380 904 473 962 undas
481 904 613 962 eminens
621 906 731 981 magni
739 906 791 961 sui
803 919 866 978 par·

130 992 169 1051 te,
193 980 281 1039 modd
302 980 463 1055 superfusis
485 982 624 1048 fluctibus
645 982 770 1052 condita,
793 984 866 1039 haud

129 1061 231 1133 presul
249 1058 438 1119 munimentis
454 1059 534 1117 urbis
554 1060 682 1118 emersit
724 1060 866 1135 Utrisque

128 1137 390 1197 laetusluitbelluae
400 1148 553 1213 aspectus:
576 1139 754 1197 Macedones
762 1138 819 1196 iter
825 1139 865 1215 ja·

128 1215 230 1275 ciendo
243 1218 325 1290 operi
343 1218 617 1275 monstrassse'eam
635 1218 865 1291 augurabantur:
914 1229 916 1252 ¹

130 1290 225 1367 Tyrii,
245 1294 428 1365 Neptunum,
447 1294 583 1369 occupati
602 1295 691 1353 maris
710 1296 867 1359 vindicem,
914 1287 916 1318 ³

129 1369 286 1444 arripuisse
299 1373 438 1441 belluam,
459 1393 492 1431 ac
513 1376 624 1431 molem
640 1372 724 1430 brevi
736 1372 866 1448 profecti
914 1369 915 1376 '

128 1447 280 1506 ruituram.
300 1449 434 1525 Laetique
442 1450 541 1509 omine
551 1469 587 1510 eo
599 1452 635 1509 ad
647 1451 748 1524 epulas
760 1449 865 1524 dilapsi

128 1528 287 1586 oneravere
301 1545 332 1585 se
344 1526 427 1595 rino;
448 1548 507 1603 quo
520 1546 635 1603 graves,
654 1539 720 1587 orto
734 1532 805 1597 sole,
817 1547 866 1585 na-

128 1602 208 1678 vigia
220 1606 426 1675 conscendunt,
446 1605 581 1665 redimita
600 1605 713 1663 coronis
732 1606 865 1663 floribus·
915 1615 917 1682 l

127 1701 200 1759 que:
215 1681 287 1747 adeb
295 1682 424 1742 victoriae
431 1702 490 1743 non
503 1703 592 1742 omen
600 1682 698 1754 modb,
710 1684 764 1741 sed
777 1685 866 1741 etiam

128 1760 350 1838 gratulationem
363 1773 575 1838 praeceperant.

166 1838 253 1898 Forte
266 1858 320 1898 rex
335 1843 460 1899 classem
478 1841 511 1897 in
530 1840 674 1899 diversam
686 1850 806 1914 partem
819 1840 864 1915 agi

123 1917 261 1995 jusserat,
272 1916 393 1994 triginta
404 1917 567 1977 minoribus
578 1918 701 1994 navigiis
711 1918 826 1975 relictis
836 1918 864 1973 in

126 1993 221 2053 littore
233 2016 241 2063 ;
263 1993 407 2071 equibus,
417 1995 513 2071 Tyrii,
521 1997 633 2055 duobus
643 1996 745 2070 captis,
759 2006 864 2054 caetera

127 2071 241 2149 ingenti
259 2082 421 2132 terruerant
439 2085 532 2143 metu,
551 2076 653 2145 donee,
673 2092 797 2131 suorum
809 2074 864 2132 ela·

128 2168 211 2207 more
225 2150 330 2220 audito,
349 2153 517 2211 Alexander
536 2155 659 2211 classem
669 2151 764 2224 ⁴littori
777 2150 794 2207 ὲ
806 2170 863 2226 quo

126 2226 263 2286 fremitus
276 2229 419 2288 acciderat
428 2231 565 2289 admovit.
584 2231 711 2289 Primae
726 2230 862 2287 Maceda

128 2324 201 2364 num
220 2308 349 2376 navibus,
368 2308 598 2385 quinqueremis,
617 2308 768 2366 velocitate
788 2306 862 2363 inter

127 2395 249 2443 caeteras
262 2385 395 2445 eminens
407 2386 553 2444 occurrit:
574 2405 662 2462 quam
675 2395 708 2443 ut
720 2402 861 2459 conspex-

129 2465 179 2519 ere
193 2462 288 2535 Tyrii,
300 2465 366 2522 duae
384 2461 401 2519 ὲ
413 2463 530 2522 diverso
542 2464 572 2521 in
585 2466 673 2522 latera
685 2463 753 2541 ejus
765 2464 860 2521 invec-

128 2538 167 2599 tsae
179 2551 265 2609 sunt;
277 2540 306 2597 in
315 2558 441 2616 quarum
449 2544 571 2605 alteram
578 2541 802 2617 quinqueremis
815 2561 859 2599 ea-

128 2618 197 2674 dem
210 2617 360 2686 oencitata,
379 2628 409 2675 et
421 2617 485 2691 ipsa
496 2630 590 2678 rostro
603 2620 660 2679 icta
672 2620 725 2689 est,
737 2630 769 2676 et
781 2619 859 2676 illam

97 2704 100 2711 '
129 2692 255 2755 invicem
266 2695 368 2756 tenuit.
400 2697 523 2771 Jamque
536 2716 570 2756 ea
581 2716 648 2773 quae
661 2715 720 2755 non
733 2698 859 2755 cohaere-
