1875 3267
388 251 526 351 .oo

139 458 228 517 quam
244 439 409 511 Palaetyron
430 436 487 510 ipsi
503 445 626 503 vocant;
645 433 688 493 ibi
700 452 809 512 regem
822 436 878 513 deo

120 542 121 547 ¹
141 534 259 575 sacrum
273 514 492 572 ritesacturum.
513 515 582 569 Non
589 514 685 572 tenuit
692 514 770 571 iram
783 515 880 572 Alex·

141 597 238 665 ander,
252 593 336 671 cujus
345 593 470 667 alioquin
485 601 590 666 potens
599 608 658 648 non
671 602 741 649 erat.
772 594 877 668 ltaque

141 692 193 731 vos
206 672 334 747 quidem,
346 669 450 745 inquit,
461 668 569 726 fiducia
581 671 647 738 loci,
659 669 737 743 qubd
749 670 878 728 insulam

141 751 275 818 incolitis,
287 750 454 823 pedestrem
462 750 540 804 hunc
550 747 713 805 exercitum
723 749 876 821 spernitis:

132 831 194 901 'sed
203 829 281 893 breri
290 828 442 884 ostendam
450 825 481 881 in
489 825 648 883 continenti
656 843 707 882 vos
715 844 800 883 esse:
814 844 879 900 pro·

143 904 209 963 indd
223 906 319 964 sciatis
332 904 412 974 licet,
433 915 483 960 aut
500 904 675 962 intraturum
693 922 743 961 me
764 907 878 972 urbem,
919 913 922 942 '¹

144 994 193 1042 aut
204 993 452 1063 oppugnaturum.
472 982 552 1038 Cum
564 983 620 1041 hoc
629 999 769 1057 responso
777 982 879 1039 dimis-

144 1082 192 1120 sos
205 1080 324 1121 monere
335 1060 422 1119 amici
436 1071 599 1135 coeperunt,
610 1069 643 1117 ut
661 1078 776 1136 regem,
790 1079 878 1135 quem

144 1140 236 1216 Syria,
249 1159 339 1215 quem
353 1139 491 1207 Phoenice
503 1138 671 1213 recepisset,
687 1137 746 1212 ipsi
760 1156 878 1213 quoque

143 1219 359 1279 urbemintrare
366 1226 544 1292 paterentur.
564 1215 665 1287 Atini,
673 1218 738 1274 loco
747 1217 820 1275 satis
828 1216 878 1286 fisi,

143 1297 323 1356 obsidionem
337 1295 412 1353 ferre
425 1296 626 1353 decreverunt

185 1375 300 1431 Urbem
312 1375 428 1448 Tyrum
443 1371 460 1428 ai
472 1373 628 1430 continenti
641 1384 765 1447 quatuor
774 1373 879 1432 stadio·

147 1470 216 1509 rum
228 1450 335 1509 fretum
347 1449 457 1519 dividit,
472 1449 573 1508 Africo
582 1449 711 1510 maxime
720 1451 880 1529 objectum,

148 1532 264 1589 crebros
277 1548 313 1587 ex
327 1531 383 1586 alto
395 1526 500 1589 fluctus
513 1529 542 1585 in
550 1529 631 1587 littus
640 1531 785 1588 evolvens.
806 1532 879 1597 Nec,

145 1608 315 1683 accipiendo
327 1608 408 1681 operi
418 1625 475 1681 quo
486 1608 664 1667 Macedones
672 1608 833 1665 continenti
840 1606 879 1662 in·

148 1689 241 1745 sulam
248 1685 371 1763 jungere
376 1688 522 1759 parabant,
527 1686 786 1763 quidquammagis
792 1684 879 1760 quam

148 1752 312 1823 ille‘ventus
330 1767 464 1821 obstabat.
485 1764 602 1840 Quippe
615 1764 664 1825 vix
683 1763 742 1820 leni
763 1774 793 1821 et
805 1776 881 1822 tran·
920 1739 921 1802 d

149 1844 238 1919 quillo
251 1842 326 1899 mari
338 1844 432 1898 moles
453 1842 502 1929 agi
517 1851 655 1917 possunt;
677 1840 800 1899 Africus
811 1842 880 1900 verb
920 1807 922 1916 i

148 1922 246 1995 prima
258 1936 387 1995 quaeque
396 1932 534 1995 congesta
545 1920 632 1994 pulsu
645 1919 720 1977 illisa
731 1920 808 1978 mari
819 1923 884 1979 sub·
920 1929 922 1970 Ι

149 1999 226 2057 ruit:
248 2014 304 2054 nec
313 1998 373 2053 ulla
381 2008 442 2054 tam
449 1998 535 2056 firma
543 2000 635 2056 moles
652 1999 815 2073 esd-quidm
824 2017 881 2055 non

151 2077 275 2133 exedant
284 2076 370 2132 undae
379 2093 432 2149 per
439 2095 534 2134 nexus
544 2094 667 2150 operum
675 2085 834 2144 manantes,
845 2087 882 2142 et,

151 2154 202 2211 ubi
215 2152 307 2210 acrior
318 2152 405 2210 flatus
417 2155 523 2223 extitit,
535 2154 645 2217 summi
658 2155 758 2227 operis
766 2154 883 2230 fastigio

152 2230 322 2305 superfusae.
354 2233 466 2289 Praeter
485 2235 560 2291 hanc
575 2230 783 2301 difficultatem,
806 2232 882 2289 baud

152 2310 249 2385 minor¹
261 2308 393 2369 aliaerat.
414 2311 518 2369 Muros
529 2318 682 2385 turresque
691 2310 772 2367 urbis
780 2312 883 2385 praeal·
919 2355 920 2370 t

153 2400 218 2445 tum
229 2404 309 2445 mare
322 2388 484 2445 ambiebat:
504 2407 562 2446 non
575 2399 729 2457 tormenta,
740 2389 799 2446 nisi
809 2388 881 2446 dna·
919 2409 920 2466 t

72 2466 76 2474 ’
153 2466 235 2523 vibus
248 2467 350 2539 procul
365 2484 496 2535 excussa,
508 2463 619 2535 emitti;
633 2484 691 2523 non
707 2468 794 2525 scalae
812 2484 882 2523 moe-
919 2501 920 2506 κ

154 2546 239 2601 'nibus
259 2544 396 2617 applicari
416 2556 563 2618 poterant:
591 2562 723 2619 praeceps
738 2546 769 2602 in
789 2548 882 2602 salum
919 2539 920 2580 ἶ

155 2640 256 2679 murus
269 2624 404 2695 pedestre
421 2624 614 2697 interceperat
629 2622 699 2679 iter:
719 2641 812 2681 naves
828 2642 882 2681 nec
919 2621 921 2676 Ι

156 2702 277 2755 habebat
286 2717 355 2763 rex3
368 2700 475 2773 quassi
486 2699 671 2769 admovisset,
684 2702 843 2774 pendentes
856 2714 883 2759 et

156 2777 300 2835 instabiles
326 2777 484 2835 missilibus
514 2777 618 2837 arceri¹
633 2789 773 2854 poterant.
806 2784 883 2838 Inter
