1875 3267
21 1773 24 1862 l

108 523 156 590 tri,
169 523 237 581 satis
249 523 277 581 id
291 525 344 588 sibi
358 523 467 583 videri:
482 526 521 582 Se
530 523 563 582 P.
571 521 754 598 Scipionem,
762 524 859 598 prius·

107 598 196 673 quim
207 603 333 658 Romam
342 604 471 670 redisset,
481 603 609 660 accusari
619 620 677 660 non
687 619 860 673 passurum:

107 687 173 734 tum
186 697 304 754 quoque
319 683 343 736 si
353 701 384 738 se
397 682 535 755 appellet,
547 679 656 736 auxilio
669 680 698 736 ei
711 679 855 747 futurum,

105 771 143 811 ne
155 773 291 814 caussam
303 759 380 816 dicat
412 759 459 815 Ad
479 757 509 814 id
522 757 672 832 fastigium
686 760 778 815 rebus
791 776 856 832 ges·

105 832 153 898 tis,
167 835 326 892 honoribus
348 835 449 909 populi
463 834 599 895 Romani,
622 837 654 891 P.
681 834 855 907 Scipionem

106 910 243 969 Deorum
256 913 465 985 hominumque
476 930 622 971 consensu
631 912 815 989 pervenisse,
823 924 854 970 ut
917 910 918 921 ¹

105 994 159 1046 sub
174 989 286 1047 Rostris
300 1009 385 1048 reum
398 1001 476 1048 stare
500 1001 530 1048 et
542 995 670 1066 praebere
685 1008 777 1048 aures
788 993 855 1048 ado-

104 1070 279 1126 lescentium
299 1070 445 1138 conviciis,
471 1073 579 1143 populo
602 1068 738 1127 Romano
761 1070 855 1144 magis

106 1145 250 1211 deforme,
265 1165 354 1220 quarn
367 1147 422 1221 ipsi
445 1147 482 1206 sit
508 1147 553 1204 sit.
594 1149 714 1224 Adjecit
734 1149 854 1206 decreto

105 1224 352 1296 indignationem:
387 1228 448 1282 Sub
479 1227 602 1299 pedibus
631 1225 737 1283 restris
761 1226 853 1293 stabit,

107 1301 243 1368 Tribuni,
267 1303 394 1360 domitor
418 1304 467 1360 ille
494 1303 606 1361 Africae
628 1303 754 1377 Scipio?
783 1302 853 1360 ldeb

106 1391 232 1455 quatuor
245 1381 394 1438 exercitus
408 1381 492 1446 fudit,
515 1381 695 1457 fugavitque:
718 1380 786 1438 ideo
799 1385 852 1455 sy-

105 1459 231 1530 phacem
245 1457 330 1529 cepit,
354 1459 536 1516 Antiochum
555 1460 681 1534 (recepit
701 1459 783 1516 enim
795 1458 851 1516 fra-

105 1548 181 1592 trem
196 1547 360 1596 consortem
373 1537 461 1606 huius
483 1537 583 1612 gloriae
599 1540 632 1594 L.
647 1539 762 1611 Scipio)
775 1535 849 1595 ultrei

105 1613 196 1670 Tauri
206 1613 277 1690 juga
290 1616 407 1683 emovit,
415 1627 447 1672 ut
460 1618 571 1673 duobus
581 1616 703 1674 Petilliis
716 1633 851 1672 succum·

105 1693 195 1758 beret,
209 1711 260 1749 vos
280 1694 316 1749 de
340 1696 369 1750 P.
393 1693 534 1751 Africano
546 1697 674 1770 palmam
688 1692 849 1767 peteretis?

105 1769 241 1828 Nullisne
257 1770 369 1828 meritis
382 1769 451 1837 suis,
464 1772 551 1828 nullis
573 1774 677 1828 vestris
689 1770 850 1829 honoribus

105 1849 238 1922 unquim
254 1850 282 1906 in
297 1869 396 1908 arcem
409 1861 512 1917 tutam,
525 1862 556 1907 et
568 1853 647 1908 velut
655 1861 800 1917 sanctam,
811 1850 850 1907 ri·
919 1858 921 1899 l

104 1925 131 1982 ri
146 1927 224 1982 Clari
237 1927 415 2001 pervenient,
439 1928 488 1986 ubi
501 1929 525 1984 si
538 1946 597 1984 non
611 1928 795 1996 venerabilis,
808 1929 849 1988 in·
919 1924 920 1993 ἶ

106 2003 210 2060 violata
223 2007 325 2061 saltem
339 2018 475 2064 senectus
488 2025 592 2063 eorum
605 2005 757 2064 considat?

138 2079 268 2152 ¹Senatus
289 2083 401 2152 deinde,
414 2083 537 2142 concilio
548 2085 641 2158 plebis
653 2084 787 2152 dimisso,
799 2086 849 2142 ha·

21 2203 22 2210 ,
103 2158 166 2214 beri
179 2169 224 2214 est
236 2173 370 2231 coeptns;
389 2163 430 2219 ibi
455 2162 557 2236 gratiae
576 2163 712 2237 ingentes
738 2163 774 2220 ab
787 2163 850 2219 uni·

21 2251 23 2298 ς
104 2255 189 2292 verso
215 2239 324 2307 ordine,
349 2239 498 2315 praecipue
524 2238 783 2308 aiConsularibus,
813 2241 851 2299 T.

105 2314 244 2372 Graccho
257 2329 329 2376 aetae
348 2329 424 2383 sunt,
433 2318 512 2392 qubd
520 2317 744 2390 Rempublicam
753 2317 850 2392 priva·

22 2409 23 2466 g
103 2393 143 2449 tis
157 2393 355 2469 simultitibns
370 2398 514 2470 potiorem
529 2396 679 2454 habuisset
688 2418 707 2452 a·
718 2407 748 2454 et
762 2398 848 2456 Petil-

104 2472 135 2528 lii
149 2471 244 2530 vexati
262 2485 328 2530 sunt
340 2476 462 2546 probris,
476 2475 553 2548 qubd
573 2477 727 2547 splendere
753 2473 848 2532 alienis

22 2605 23 2616 ,
103 2550 212 2606 invidia
225 2551 398 2618 voluissent;
427 2564 457 2608 et
478 2550 573 2624 spolia
593 2570 630 2608 ex
650 2553 785 2610 Africani
797 2553 847 2608 tri-

22 2689 24 2728 l

22 2621 23 2680 l
92 2629 216 2696 ·umpho
228 2640 368 2702 peterent.
399 2627 555 2686 Silentium
568 2630 673 2686 deinde
686 2633 722 2687 de
736 2629 849 2688 Africa·

22 2733 24 2770 ρ
76 2705 78 2710 ’
103 2719 143 2757 no
155 2703 227 2758 fuit:
249 2715 335 2762 vitam
345 2706 454 2762 Literni
465 2705 535 2778 egit,
543 2706 605 2763 sine
616 2708 750 2766 desidero
758 2711 847 2768 urbis.

22 2785 24 2852 ζ
104 2777 281 2837 Morientem
297 2800 363 2837 rure
374 2802 408 2838 eo
421 2781 484 2854 ipso
498 2785 562 2838 loco
574 2786 691 2858 sepeliri
703 2806 735 2842 se
747 2786 848 2860 jussis·

22 2853 24 2862 r

22 2919 24 2926 v

103 2869 134 2906 se
147 2853 254 2927 lerunt,
276 2870 560 2935 monumentumque
581 2861 620 2920 ibi
642 2861 792 2934 aedificari,
809 2881 847 2922 11⁰

237 2969 241 2998 l

918 2412 920 2505 l
