1875 3267
475 218 515 276 1⁵

156 356 239 425 Cum
259 362 379 441 Assyrii
397 363 598 436 descivissent,
617 375 648 424 et
668 365 862 441 Babyloniam

111 453 322 521 occupassent,
331 442 519 518 difficilisque
531 444 611 502 urbis
622 444 804 522 expugnatio
816 462 862 504 es·

113 534 171 593 set,
180 532 324 583 aestuante
331 540 414 599 rege,
422 538 500 581 unus
508 525 545 581 de
553 522 788 582 ruterlectorrbus
796 522 863 582 Ma

113 620 226 681 gorum
240 604 378 678 Zopyrus
398 600 480 660 domi
496 619 533 660 ιι,
553 603 723 661 verberibus
738 600 864 663 lacerari

112 690 177 739 toto
190 698 313 757 corpore
324 681 425 779 jubet:
445 700 562 746 nasum
574 698 668 750 aures,
680 690 710 739 et
721 680 797 744 labia
807 679 863 739 sibi

112 760 250 851 praecidi,
262 770 349 835 atque
358 758 400 817 tta
407 776 474 836 regi
463 757 785 849 rnopmanuseollert
806 764 863 819 At·

114 839 254 927 tonitum,
264 848 297 897 et
308 849 492 914 quaerentem
504 836 638 898 Darium
656 858 769 931 causas,
781 848 865 899 auto·

115 936 241 993 remque
261 928 326 976 tam
338 916 430 977 foedae
450 918 646 988 lacerationis,
667 918 784 988 tacitus,
804 935 865 993 quo

65 1059 72 1067 ,
113 996 268 1072 proposito
280 994 393 1067 fecerit,
405 995 522 1065 edocet3
543 996 750 1071 formatoque
742 1016 774 1055 ιιι
782 995 863 1055 futu·

113 1094 149 1133 ιι
162 1074 293 1144 consilio,
300 1074 463 1165 transfugae
471 1076 559 1135 titulo
566 1077 758 1151 Babyloniam
771 1074 863 1151 profi·

114 1153 247 1213 cisoitur
267 1153 725 1252 Ibiostenditpopololaniatum
739 1170 862 1245 eorpus·

115 1232 253 1324 queritur
262 1232 472 1293 crudelitatem
481 1234 571 1310 regis,
583 1254 601 1291 a
587 1234 708 1325 'quoin
715 1232 801 1323 regni
805 1250 863 1323 'pe-

114 1312 228 1383 titione,
240 1330 300 1371 non
313 1313 430 1383 virtute,
447 1315 499 1372 sed
512 1310 655 1403 auspicio,
673 1329 736 1371 non
746 1310 863 1390 judicio

110 1390 281 1461 hominurn,
294 1392 347 1449 sed
360 1390 476 1453 hinnitu
489 1390 558 1467 equi
575 1401 741 1482 superatus.
773 1390 864 1449 lubet

112 1470 182 1527 illos
194 1489 233 1529 ex
248 1470 351 1529 amicis
364 1473 540 1547 exemplum
553 1488 672 1545 capere,
684 1468 754 1547 quid
768 1468 862 1528 boali-

115 1550 175 1606 bus
194 1542 357 1609 cavendum
379 1550 432 1608 sit.
454 1552 610 1619 Hortatur,
631 1567 692 1608 non
712 1548 864 1607 moenibus

114 1626 224 1703 magis,
237 1627 327 1703 quarn
341 1628 431 1686 amris
441 1628 598 1698 confidant,
609 1628 817 1726 patianturque
827 1642 864 1685 aa

114 1724 277 1765 commune
289 1708 404 1765 bellum
416 1707 579 1771 recentiore
588 1707 635 1763 ira
648 1724 763 1783 gerere.
783 1706 865 1763 Nota

114 1786 250 1845 nobilitas
262 1786 319 1843 viri
338 1786 450 1861 pariter
468 1795 501 1843 et
518 1783 614 1845 virtus
629 1783 770 1843 omnibus
781 1794 865 1843 erate

114 1882 172 1926 nec
186 1864 222 1923 de
232 1864 289 1922 fide
299 1865 450 1936 timebant,
462 1862 650 1942 cujusvcluti
657 1863 792 1941 pignora,
800 1864 864 1921 vul·

113 1962 188 2002 nera
201 1942 335 2018 corporis
348 1954 377 2000 et
389 1944 508 2023 injuriae
516 1954 601 2001 notas
611 1943 764 2002 habebant.
784 1946 864 2002 Con·

115 2023 251 2081 stituitur
258 2041 329 2099 ergo
339 2022 400 2079 dux
409 2023 545 2080 omnium
558 2022 710 2099 suffragio,
720 2032 863 2096 etaccep·

114 2104 248 2177 taparvs
259 2120 358 2169 manu,
372 2103 467 2162 semel
475 2111 563 2175 atque
573 2101 682 2159 iterum
691 2100 863 2160 cedentibus
887 2164 892 2173 ,

113 2178 250 2238 consulto
260 2178 368 2247 Persio,
378 2182 506 2239 secunda
517 2178 622 2255 praelia
633 2178 718 2238 facit·
740 2182 782 2240 At
794 2196 864 2254 pos·

110 2258 212 2315 tremo
221 2258 392 2317 universum
401 2259 456 2317 sibi
469 2256 791 2317 creditumexerciturn
799 2258 862 2316 Da·

115 2353 174 2474 ripi
169 2338 276 2427 prodit,
288 2337 472 2430 urbemque
464 2353 563 2413 1paarn
570 2336 603 2395 in
611 2337 861 2418 potestatemque

113 2432 147 2474 rc
167 2414 232 2493 igit
