1875 3267
435 329 499 385 865

73 487 169 548 seque
185 469 318 528 celeriter
332 469 368 528 eb
384 483 548 529 venturum·
558 473 686 532 nunciet.
724 470 818 527 Volu-

72 567 177 617 senus,
191 548 351 624 perspectis
366 549 544 626 regionibus,
564 549 707 626 quantum
726 549 754 606 ei
774 547 814 605 fa·

71 628 191 686 cultatis
214 628 274 698 dari
298 628 401 700 potuit,
420 629 482 702 .qui
502 630 567 688 navi
587 628 697 704 egredi,
722 646 757 685 ac
783 646 814 684 se

71 707 216 780 barbaris
232 705 417 762 committere
443 724 502 763 non
524 710 652 775 auderet,
675 725 692 762 v
716 706 762 764 die
778 707 815 764 ad

70 785 229 846 Caesarem
238 785 393 842 revertitur
403 803 410 839 ε
421 803 547 860 quaeque
557 785 596 843 ibi
605 785 814 861 perspexisset,

69 861 236 918 renunciat.
278 861 361 918 Dum
383 863 413 918 in
427 863 475 919 his
495 865 567 922 locis
581 866 682 921 Caesar
694 863 814 929 navium

69 942 272 1013 parandarum
287 943 375 998 causa
389 952 529 1009 moratur,
550 961 589 1000 ex
609 944 719 1017 magna
732 949 813 1015 parte

70 1015 262 1080 Morinorum
276 1020 311 1075 ad
325 1037 393 1076 eum
409 1021 498 1093 legati
507 1031 657 1088 venerunt,
671 1020 723 1093 qui
735 1037 766 1074 se
777 1017 812 1077 de

69 1095 234 1170 superioris
244 1097 385 1170 temporis
394 1096 702 1162 consilioexcusirent
710 1119 719 1164 ;
734 1093 814 1168 qudd

69 1174 210 1230 homines
223 1175 344 1242 barbari,
365 1186 393 1232 et
407 1185 515 1232 nostrae
530 1174 747 1233 consuetudinis
758 1175 812 1230 im·

69 1252 170 1326 periti,
190 1254 301 1310 bellum
314 1256 424 1326 populo
444 1255 532 1311 Rom.
553 1253 701 1321 fecissent,
722 1270 812 1326 seque

70 1349 108 1387 ea
132 1349 197 1404 quae
228 1331 415 1420 imperasset,
441 1331 569 1389 facturos
595 1331 812 1406 pollicerentur.

70 1409 140 1465 Hoc
155 1407 208 1465 sibi
231 1421 300 1465 satis
313 1408 477 1481 opportune
497 1413 598 1469 Caesar
612 1410 753 1469 accidisse
766 1427 812 1465 ar·

68 1483 203 1555 bitratus',
213 1484 386 1559 quodnequd
397 1497 463 1561 post
472 1499 591 1566 tergum
600 1491 716 1546 hostem
726 1486 812 1545 relin-

70 1581 164 1638 quere
185 1567 313 1631 rolebat3
335 1565 430 1638 neque
452 1567 521 1626 belli
538 1568 669 1642 gerendi,
691 1578 811 1640 propter

68 1642 140 1700 anni
152 1653 292 1716 temptus,
303 1643 470 1699 facultatem
490 1646 628 1712 habebat;
649 1643 743 1716 neque
757 1646 811 1699 has

68 1721 248 1782 tantularum
263 1739 363 1778 rerum
373 1723 580 1795 occupationes
595 1721 647 1778 sibi
656 1722 810 1778 Britannia

68 1801 286 1872 anteponendas
297 1797 443 1876 judicabat
455 1821 462 1868 ;
485 1818 628 1876 magnum
642 1799 687 1856 his
708 1817 811 1856 nume·

69 1897 138 1934 rum
153 1877 289 1936 obsidum
302 1877 437 1950 imperat.
475 1878 593 1948 Quibus
606 1877 747 1944 adductis
760 1896 811 1934 eos

68 1958 98 2014 in
114 1955 204 2012 fidem
218 1955 336 2028 recepit,
348 1952 468 2013 navibus
482 1955 600 2012 circiter
611 1972 695 2012 cxxx
709 1973 812 2012 onera·

68 2035 121 2092 riis
137 2033 254 2101 coactis,
274 2032 500 2108 contractisque,
513 2035 593 2108 quod
612 2034 682 2092 satis
696 2052 760 2091 esse
773 2037 811 2093 ad

68 2115 142 2176 duas
178 2111 308 2187 legiones
339 2115 576 2184 transportandas
604 2113 808 2182 existimabat3

68 2190 213 2266 quidquid
227 2188 371 2264 praetered
379 2191 496 2247 navium
510 2194 664 2267 longarum
678 2193 812 2258 habebat,

68 2269 219 2344 quaestori,
229 2267 343 2342 legatis,
356 2267 557 2342 praefectisque
567 2273 720 2328 distribuit.
739 2268 811 2330 Huc
831 2286 833 2291 ’

67 2349 246 2406 accedebant
259 2365 343 2402 xvnr
360 2348 503 2404 onerariae
518 2365 618 2416 naves,
637 2369 703 2422 quae
719 2371 757 2408 ex
772 2371 807 2409 eo

67 2429 133 2483 loco
147 2424 276 2480 millibus
291 2442 432 2496 passuum
448 2442 508 2480 vm
523 2439 611 2482 vento
625 2431 807 2499 tenebantur,

67 2500 230 2580 quominus
240 2503 270 2556 in
282 2503 421 2557 eumdem
433 2515 554 2576 portum
567 2506 719 2576 pervenire
738 2526 810 2580 pos·

67 2599 142 2642 sent.
184 2582 246 2636 Has
255 2577 403 2652 equitibus
417 2579 583 2637 distribuit:
599 2583 746 2657 reliquum
756 2604 808 2640 ex-

66 2661 195 2718 ercitum
210 2657 247 2727 Q.
262 2655 380 2714 Titurio
395 2658 511 2727 Sabino,
532 2669 562 2717 et
576 2660 611 2724 L.
625 2662 808 2720 Arunculeio

398 2756 419 2794 u
435 2737 485 2791 h2
533 2762 538 2772 ι
