1875 3267
442 262 506 322 194

108 416 167 479 llis
174 412 389 475 conditionibus
402 382 537 489 paratum
551 427 584 467 se
595 427 663 467 esse
677 407 780 467 lodus
796 426 872 471 cum

108 494 276 555 oonsulibus
299 494 405 551 serires
427 488 546 567 siquid
567 506 676 546 eorum
690 488 870 563 displiceat,

106 577 219 650 legatos
230 570 328 630 redire
337 573 375 629 ad
388 590 419 631 se
430 570 532 627 vetuit.
554 570 632 629 Haee
642 564 744 642 qudm
756 566 871 643 legatio

108 652 340 720 renunciaretur,
352 662 450 707 tantus
463 647 594 725 gemitus
606 644 749 704 omnium
765 644 869 703 subitis

107 742 231 790 exortus
239 741 294 798 est,
306 741 448 805 tantaque
456 725 596 785 moestitia
604 725 742 794 incessit,
757 737 794 781 ut
809 742 869 781 nou

108 808 230 887 gravida
243 806 395 883 accepturi
417 808 600 873 viderentur,
617 805 643 861 si
663 804 870 861 nunciaretur

45 886 50 895 “
108 888 245 947 omnibus
265 908 300 946 eo
319 890 385 944 loco
403 897 533 943 mortem
553 884 759 957 oppetendam
790 902 870 947 esse,
934 892 935 931 f

109 966 216 1040 Qudm
228 965 280 1026 did
295 966 441 1026 silentium
455 960 570 1032 fuisset,
588 981 642 1019 nec
656 963 804 1020 consules
818 971 868 1020 aut

108 1065 164 1123 pro
178 1046 287 1106 loedere
301 1057 363 1103 tum
381 1043 476 1119 turpi,
497 1053 547 1101 aut
566 1039 670 1099 eontrd
683 1040 788 1098 soedus
803 1052 866 1099 tam
934 1050 935 1059 ¹

108 1126 311 1185 necessarium
324 1122 437 1183 hiscere
452 1130 591 1197 possent;
611 1119 679 1176 tdm
695 1122 735 1177 L.
751 1122 869 1178 Lentu·
934 1132 935 1145 ¹

109 1206 165 1275 lus,
179 1204 229 1281 qui
243 1202 307 1263 tdm
318 1205 459 1278 princeps
472 1205 636 1277 legatorum
648 1197 765 1257 virtute
775 1210 869 1274 atque

108 1284 271 1343 honoribus
291 1294 370 1340 eretz
393 1282 511 1339 Patrem
532 1296 647 1345 meum,
667 1276 782 1353 inquit,
797 1295 869 1336 con·
932 1333 933 1358 ,

110 1365 198 1430 sules,
211 1360 291 1437 saepe
312 1358 410 1419 audivi
430 1370 654 1425 memorantem,
675 1376 708 1413 se
727 1356 763 1413 in
772 1356 869 1431 'Capi-

109 1441 182 1498 tolio
195 1456 291 1497 uuum
309 1457 368 1496 non
382 1437 475 1495 fuisse
489 1448 640 1495 auctorem
654 1436 775 1494 senatui
788 1437 866 1495 redi·

109 1520 227 1577 mendae
240 1516 340 1576 aurosi
353 1516 450 1575 Gallis
459 1514 593 1584 civitatis,
602 1512 721 1591 quandh
734 1533 795 1573 nec
808 1516 868 1574 los·

109 1600 143 1657 si
156 1598 288 1672 valloque
302 1599 337 1655 ab
350 1594 543 1673 ignavissimo
563 1596 599 1652 ad
611 1610 702 1669 opera
715 1614 752 1652 ac
766 1596 868 1653 muni-

110 1678 224 1736 endum
245 1678 329 1735 hoste
348 1672 440 1733 clausi
462 1684 570 1741 essent,
590 1685 621 1730 et
647 1692 815 1748 erumpere
843 1672 866 1731 si

109 1774 168 1815 non
190 1756 254 1815 sine
275 1756 408 1832 periculo
421 1772 540 1829 magno,
567 1764 668 1809 tamen
689 1751 865 1811 sine'certi

112 1835 244 1912 pernicie
257 1844 385 1911 possent.
425 1830 514 1903 Quhd
528 1831 552 1889 si
566 1840 600 1887 ut
619 1828 679 1887 illis
697 1832 866 1889 decurrere

111 1934 150 1973 ex
159 1914 303 1991 Capitolio
311 1910 432 1973 armatis
439 1910 469 1968 in
478 1914 593 1968 hostem
602 1907 685 1966 licuit
690 1910 771 1985 (quo
782 1914 865 1985 saepe

110 1994 200 2049 modo
213 1994 323 2050 obsessi
335 1994 365 2050 iu
378 1992 554 2048 obsidientes
566 1990 742 2065 eruperunt)
754 1987 799 2045 itt
813 2006 865 2047 no·

109 2070 157 2127 bis
177 2087 262 2144 aequo
281 2082 332 2129 aut
350 2068 451 2145 iniquo
471 2071 536 2125 loco
555 2065 716 2123 dimicandi
729 2077 865 2125 tantum·

76 2164 82 2177 “
110 2146 201 2207 modb
213 2167 283 2207 cum
297 2152 380 2205 hoste
399 2148 484 2220 copia
497 2156 583 2212 esset,
595 2162 655 2201 non
670 2143 747 2201 mihi
761 2156 863 2219 pater-

110 2225 143 2285 ni
156 2224 247 2285 animi
260 2227 373 2285 indoles
386 2226 416 2284 iu
430 2224 553 2283 consilio
562 2226 658 2281 dando
668 2224 801 2281 deesset.
823 2222 864 2279 E·

112 2304 233 2379 quidem
247 2317 377 2364 mortem
395 2323 450 2379 pro
476 2304 570 2379 patrib
590 2304 770 2377 praeclaram
795 2322 862 2361 esse

111 2384 225 2442 fateor:
247 2396 278 2442 et
291 2404 340 2442 me
353 2386 399 2441 vel
413 2385 557 2441 devovere
570 2400 626 2457 pro
638 2383 749 2455 populo
763 2382 860 2439 Rorn-

111 2480 179 2528 ano,
191 2461 425 2539 legionibusque,
437 2465 482 2519 vel
505 2463 534 2519 in
553 2460 668 2519 medios
680 2478 732 2516 me
745 2458 863 2517 immit-

111 2553 175 2600 tere
186 2543 286 2599 hostes
298 2553 416 2616 paratus
429 2559 508 2599 sum.
529 2542 589 2597 Sed
602 2535 650 2596 hic
664 2536 795 2613 patriam
821 2540 863 2596 vi·
933 2558 934 2630 p

112 2623 187 2678 deos
203 2615 251 2676 hic
266 2619 406 2694 quidquid
421 2623 624 2677 Romanarum
633 2617 790 2692 legionum
802 2630 861 2688 est;

112 2715 193 2771 quae,
205 2696 260 2752 nisi
272 2713 326 2768 pro
339 2695 444 2769 seipsis
453 2699 489 2753 ad
501 2706 627 2753 mortem
642 2712 729 2751 ruere
744 2696 861 2769 volunt,

112 2774 293 2845 quidhabent
301 2774 379 2845 quod
388 2785 481 2830 morte
491 2777 547 2829 sut
556 2770 692 2829 servent?
705 2773 802 2829 Tecta
812 2791 859 2830 ur-

111 2847 855 2925 bisdicotdiquisetmoeniaeteamturbam,rlqut
912 2846 916 2853 ’
