<?xml version="1.0" encoding="UTF-8"?>
<!DOCTYPE html PUBLIC "-//W3C//DTD XHTML 1.0 Transitional//EN"
    "http://www.w3.org/TR/xhtml1/DTD/xhtml1-transitional.dtd">
<html xmlns="http://www.w3.org/1999/xhtml" xml:lang="en" lang="en">
 <head>
  <title>
</title>
<meta http-equiv="Content-Type" content="text/html;charset=utf-8" />
  <meta name='ocr-system' content='tesseract 3.04.00' />
  <meta name='ocr-capabilities' content='ocr_page ocr_carea ocr_par ocr_line ocrx_word'/>
</head>
<body>
  <div class='ocr_page' id='page_1' title='image "./narrationesexce00watsgoog_0327.png"; bbox 0 0 1875 3267; ppageno 0'>
   <div class='ocr_carea' id='block_1_1' title="bbox 432 375 494 430">
    <p class='ocr_par' dir='ltr' id='par_1_1' title="bbox 432 375 494 430">
     <span class='ocr_line' id='line_1_1' title="bbox 432 375 494 430; baseline 0 -1"><span class='ocrx_word' id='word_1_1' title='bbox 432 375 494 430; x_wconf 78' lang='lat'><strong>332</strong></span> 
     </span>
    </p>
   </div>
   <div class='ocr_carea' id='block_1_2' title="bbox 96 514 846 2398">
    <p class='ocr_par' dir='ltr' id='par_1_2' title="bbox 96 514 846 2398">
     <span class='ocr_line' id='line_1_2' title="bbox 98 514 845 594; baseline 0 -18"><span class='ocrx_word' id='word_1_2' title='bbox 98 521 231 583; x_wconf 85' lang='lat' dir='ltr'><strong>omnibus</strong></span> <span class='ocrx_word' id='word_1_3' title='bbox 245 519 419 588; x_wconf 82' lang='lat' dir='ltr'><strong>civitatibus,</strong></span> <span class='ocrx_word' id='word_1_4' title='bbox 433 530 520 594; x_wconf 86' lang='lat' dir='ltr'><strong>atque</strong></span> <span class='ocrx_word' id='word_1_5' title='bbox 537 518 631 593; x_wconf 81' lang='lat' dir='ltr'><strong>pagis,</strong></span> <span class='ocrx_word' id='word_1_6' title='bbox 644 514 845 592; x_wconf 79' lang='lat' dir='ltr'><strong>partibusque,</strong></span> 
     </span>
     <span class='ocr_line' id='line_1_3' title="bbox 98 596 846 674; baseline 0 -19"><span class='ocrx_word' id='word_1_7' title='bbox 98 600 149 656; x_wconf 83' lang='lat' dir='ltr'><strong>sed</strong></span> <span class='ocrx_word' id='word_1_8' title='bbox 162 597 339 673; x_wconf 68' lang='lat' dir='ltr'><strong>peucetiam</strong></span> <span class='ocrx_word' id='word_1_9' title='bbox 357 600 387 656; x_wconf 90' lang='lat' dir='ltr'><strong>in</strong></span> <span class='ocrx_word' id='word_1_10' title='bbox 400 598 523 674; x_wconf 87' lang='lat' dir='ltr'><strong>singulis</strong></span> <span class='ocrx_word' id='word_1_11' title='bbox 540 597 686 665; x_wconf 78' lang='lat' dir='ltr'><strong>domibus,</strong></span> <span class='ocrx_word' id='word_1_12' title='bbox 704 596 846 655; x_wconf 77' lang='lat' dir='ltr'><strong>sactiones</strong></span> 
     </span>
     <span class='ocr_line' id='line_1_4' title="bbox 98 676 845 751; baseline 0 -18"><span class='ocrx_word' id='word_1_13' title='bbox 98 687 183 743; x_wconf 82' lang='lat' dir='ltr'><strong>sunt3</strong></span> <span class='ocrx_word' id='word_1_14' title='bbox 205 696 365 751; x_wconf 87' lang='lat' dir='ltr'><strong>earumque</strong></span> <span class='ocrx_word' id='word_1_15' title='bbox 377 676 537 734; x_wconf 84' lang='lat' dir='ltr'><strong>factionum</strong></span> <span class='ocrx_word' id='word_1_16' title='bbox 548 676 785 750; x_wconf 80' lang='lat' dir='ltr'><strong>suntprincipes,</strong></span> <span class='ocrx_word' id='word_1_17' title='bbox 796 677 845 749; x_wconf 88' lang='lat' dir='ltr'><strong>qui</strong></span> 
     </span>
     <span class='ocr_line' id='line_1_5' title="bbox 97 753 845 829; baseline 0 -18"><span class='ocrx_word' id='word_1_18' title='bbox 97 757 464 814; x_wconf 81' lang='lat' dir='ltr'><strong>summamauctoritatem</strong></span> <span class='ocrx_word' id='word_1_19' title='bbox 478 773 583 812; x_wconf 88' lang='lat' dir='ltr'><strong>eorum</strong></span> <span class='ocrx_word' id='word_1_20' title='bbox 602 753 716 829; x_wconf 83' lang='lat' dir='ltr'><strong>judicio</strong></span> <span class='ocrx_word' id='word_1_21' title='bbox 736 756 845 811; x_wconf 79' lang='lat' dir='ltr'><strong>habere</strong></span> 
     </span>
     <span class='ocr_line' id='line_1_6' title="bbox 97 832 844 908; baseline -0.004 -17"><span class='ocrx_word' id='word_1_22' title='bbox 97 835 302 892; x_wconf 79' lang='lat' dir='ltr'><strong>existimantur</strong></span> <span class='ocrx_word' id='word_1_23' title='bbox 308 857 319 891; x_wconf 64' lang='grc' dir='ltr'><strong><em>ι</em></strong></span> <span class='ocrx_word' id='word_1_24' title='bbox 334 852 459 908; x_wconf 78' lang='lat' dir='ltr'><strong>quo1utn</strong></span> <span class='ocrx_word' id='word_1_25' title='bbox 469 835 505 890; x_wconf 88' lang='lat' dir='ltr'><strong>ad</strong></span> <span class='ocrx_word' id='word_1_26' title='bbox 518 833 672 891; x_wconf 79' lang='lat' dir='ltr'><strong>arbitrium</strong></span> <span class='ocrx_word' id='word_1_27' title='bbox 684 832 844 908; x_wconf 86' lang='lat' dir='ltr'><strong>judicium·</strong></span> 
     </span>
     <span class='ocr_line' id='line_1_7' title="bbox 97 912 843 986; baseline -0.007 -15"><span class='ocrx_word' id='word_1_28' title='bbox 97 932 155 986; x_wconf 90' lang='lat' dir='ltr'><strong>que</strong></span> <span class='ocrx_word' id='word_1_29' title='bbox 176 931 295 970; x_wconf 88' lang='lat' dir='ltr'><strong>summa</strong></span> <span class='ocrx_word' id='word_1_30' title='bbox 316 912 450 970; x_wconf 89' lang='lat' dir='ltr'><strong>omnium</strong></span> <span class='ocrx_word' id='word_1_31' title='bbox 473 931 576 970; x_wconf 81' lang='lat' dir='ltr'><strong>rerum</strong></span> <span class='ocrx_word' id='word_1_32' title='bbox 595 912 843 984; x_wconf 81' lang='lat' dir='ltr'><strong>consiliorumque</strong></span> 
     </span>
     <span class='ocr_line' id='line_1_8' title="bbox 98 987 844 1067; baseline -0.001 -22"><span class='ocrx_word' id='word_1_33' title='bbox 98 994 207 1049; x_wconf 82' lang='lat' dir='ltr'><strong>redeat.</strong></span> <span class='ocrx_word' id='word_1_34' title='bbox 247 993 339 1066; x_wconf 85' lang='lat' dir='ltr'><strong>quue</strong></span> <span class='ocrx_word' id='word_1_35' title='bbox 353 990 418 1067; x_wconf 84' lang='lat' dir='ltr'><strong>ejus</strong></span> <span class='ocrx_word' id='word_1_36' title='bbox 431 992 475 1048; x_wconf 86' lang='lat' dir='ltr'><strong>rei</strong></span> <span class='ocrx_word' id='word_1_37' title='bbox 486 994 574 1048; x_wconf 71' lang='lat' dir='ltr'><strong>causa</strong></span> <span class='ocrx_word' id='word_1_38' title='bbox 587 987 752 1062; x_wconf 82' lang='lat' dir='ltr'><strong>antiquitus</strong></span> <span class='ocrx_word' id='word_1_39' title='bbox 764 988 844 1045; x_wconf 84' lang='lat' dir='ltr'><strong>insti·</strong></span> 
     </span>
     <span class='ocr_line' id='line_1_9' title="bbox 97 1066 842 1144; baseline -0.004 -19"><span class='ocrx_word' id='word_1_40' title='bbox 97 1083 197 1127; x_wconf 86' lang='lat' dir='ltr'><strong>tutum</strong></span> <span class='ocrx_word' id='word_1_41' title='bbox 211 1070 332 1138; x_wconf 76' lang='lat' dir='ltr'><strong>videtur,</strong></span> <span class='ocrx_word' id='word_1_42' title='bbox 346 1088 382 1127; x_wconf 90' lang='lat' dir='ltr'><strong>nc</strong></span> <span class='ocrx_word' id='word_1_43' title='bbox 396 1070 462 1144; x_wconf 88' lang='lat' dir='ltr'><strong>quis</strong></span> <span class='ocrx_word' id='word_1_44' title='bbox 476 1090 514 1127; x_wconf 86' lang='lat' dir='ltr'><strong>ex</strong></span> <span class='ocrx_word' id='word_1_45' title='bbox 528 1070 614 1143; x_wconf 83' lang='lat' dir='ltr'><strong>plebe</strong></span> <span class='ocrx_word' id='word_1_46' title='bbox 623 1066 726 1124; x_wconf 75' lang='lat' dir='ltr'><strong>contra</strong></span> <span class='ocrx_word' id='word_1_47' title='bbox 743 1077 842 1142; x_wconf 87' lang='lat' dir='ltr'><strong>poten-</strong></span> 
     </span>
     <span class='ocr_line' id='line_1_10' title="bbox 97 1145 841 1222; baseline -0.004 -20"><span class='ocrx_word' id='word_1_48' title='bbox 97 1148 204 1206; x_wconf 75' lang='lat' dir='ltr'><strong>tionem</strong></span> <span class='ocrx_word' id='word_1_49' title='bbox 231 1149 332 1206; x_wconf 76' lang='lat' dir='ltr'><strong>auxilii</strong></span> <span class='ocrx_word' id='word_1_50' title='bbox 364 1159 474 1222; x_wconf 79' lang='lat' dir='ltr'><strong>egeret.</strong></span> <span class='ocrx_word' id='word_1_51' title='bbox 515 1151 590 1204; x_wconf 91' lang='lat' dir='ltr'><strong>Suos</strong></span> <span class='ocrx_word' id='word_1_52' title='bbox 609 1146 690 1202; x_wconf 88' lang='lat' dir='ltr'><strong>enim</strong></span> <span class='ocrx_word' id='word_1_53' title='bbox 712 1145 841 1220; x_wconf 68' lang='lat' dir='ltr'><strong>opprimi</strong></span> 
     </span>
     <span class='ocr_line' id='line_1_11' title="bbox 98 1222 840 1301; baseline -0.003 -21"><span class='ocrx_word' id='word_1_54' title='bbox 98 1227 230 1301; x_wconf 79' lang='lat' dir='ltr'><strong>quisque,</strong></span> <span class='ocrx_word' id='word_1_55' title='bbox 251 1237 280 1283; x_wconf 89' lang='lat' dir='ltr'><strong>et</strong></span> <span class='ocrx_word' id='word_1_56' title='bbox 295 1227 503 1284; x_wconf 84' lang='lat' dir='ltr'><strong>circumveniri</strong></span> <span class='ocrx_word' id='word_1_57' title='bbox 516 1245 575 1283; x_wconf 89' lang='lat' dir='ltr'><strong>non</strong></span> <span class='ocrx_word' id='word_1_58' title='bbox 587 1223 696 1296; x_wconf 81' lang='lat' dir='ltr'><strong>patitur</strong></span> <span class='ocrx_word' id='word_1_59' title='bbox 708 1246 716 1291; x_wconf 85' lang='lat'><em>3</em></span> <span class='ocrx_word' id='word_1_60' title='bbox 737 1222 840 1298; x_wconf 72' lang='lat' dir='ltr'><strong>neque,</strong></span> 
     </span>
     <span class='ocr_line' id='line_1_12' title="bbox 98 1302 840 1373; baseline 0 -14"><span class='ocrx_word' id='word_1_61' title='bbox 98 1304 181 1360; x_wconf 86' lang='lat' dir='ltr'><strong>aliter</strong></span> <span class='ocrx_word' id='word_1_62' title='bbox 191 1306 215 1362; x_wconf 87' lang='lat' dir='ltr'><strong>si</strong></span> <span class='ocrx_word' id='word_1_63' title='bbox 227 1305 319 1373; x_wconf 82' lang='lat' dir='ltr'><strong>faciat,</strong></span> <span class='ocrx_word' id='word_1_64' title='bbox 328 1307 418 1360; x_wconf 85' lang='lat' dir='ltr'><strong>ullam</strong></span> <span class='ocrx_word' id='word_1_65' title='bbox 432 1305 509 1362; x_wconf 81' lang='lat' dir='ltr'><strong>inter</strong></span> <span class='ocrx_word' id='word_1_66' title='bbox 521 1324 589 1362; x_wconf 84' lang='lat' dir='ltr'><strong>suos</strong></span> <span class='ocrx_word' id='word_1_67' title='bbox 602 1306 707 1360; x_wconf 88' lang='lat' dir='ltr'><strong>habeat</strong></span> <span class='ocrx_word' id='word_1_68' title='bbox 719 1302 840 1360; x_wconf 82' lang='lat' dir='ltr'><strong>auctori·</strong></span> 
     </span>
     <span class='ocr_line' id='line_1_13' title="bbox 97 1382 839 1441; baseline 0.003 -4"><span class='ocrx_word' id='word_1_69' title='bbox 97 1391 197 1440; x_wconf 86' lang='lat' dir='ltr'><strong>tatem.</strong></span> <span class='ocrx_word' id='word_1_70' title='bbox 231 1384 305 1439; x_wconf 89' lang='lat' dir='ltr'><strong>Haec</strong></span> <span class='ocrx_word' id='word_1_71' title='bbox 316 1383 419 1439; x_wconf 89' lang='lat' dir='ltr'><strong>eadem</strong></span> <span class='ocrx_word' id='word_1_72' title='bbox 433 1383 506 1441; x_wconf 81' lang='lat' dir='ltr'><strong>ratio</strong></span> <span class='ocrx_word' id='word_1_73' title='bbox 519 1382 606 1440; x_wconf 87' lang='lat' dir='ltr'><strong>estin</strong></span> <span class='ocrx_word' id='word_1_74' title='bbox 621 1382 839 1440; x_wconf 69' lang='lat' dir='ltr'><strong>summotonus</strong></span> 
     </span>
     <span class='ocr_line' id='line_1_14' title="bbox 98 1460 839 1535; baseline 0.001 -20"><span class='ocrx_word' id='word_1_75' title='bbox 98 1462 213 1518; x_wconf 84' lang='lat' dir='ltr'><strong>Galliae.</strong></span> <span class='ocrx_word' id='word_1_76' title='bbox 235 1460 376 1535; x_wconf 84' lang='lat' dir='ltr'><strong>Namque</strong></span> <span class='ocrx_word' id='word_1_77' title='bbox 390 1479 494 1519; x_wconf 86' lang='lat' dir='ltr'><strong>omnes</strong></span> <span class='ocrx_word' id='word_1_78' title='bbox 504 1462 635 1518; x_wconf 84' lang='lat' dir='ltr'><strong>civitates</strong></span> <span class='ocrx_word' id='word_1_79' title='bbox 647 1460 678 1515; x_wconf 85' lang='lat' dir='ltr'><strong>in</strong></span> <span class='ocrx_word' id='word_1_80' title='bbox 692 1463 766 1518; x_wconf 87' lang='lat' dir='ltr'><strong>duas</strong></span> <span class='ocrx_word' id='word_1_81' title='bbox 778 1477 839 1532; x_wconf 84' lang='lat' dir='ltr'><strong>par·</strong></span> 
     </span>
     <span class='ocr_line' id='line_1_15' title="bbox 97 1538 838 1610; baseline 0 -16"><span class='ocrx_word' id='word_1_82' title='bbox 97 1549 143 1595; x_wconf 87' lang='lat' dir='ltr'><strong>tes</strong></span> <span class='ocrx_word' id='word_1_83' title='bbox 156 1539 258 1596; x_wconf 84' lang='lat' dir='ltr'><strong>divisae</strong></span> <span class='ocrx_word' id='word_1_84' title='bbox 270 1550 348 1596; x_wconf 90' lang='lat' dir='ltr'><strong>sunt.</strong></span> <span class='ocrx_word' id='word_1_85' title='bbox 377 1538 482 1610; x_wconf 71' lang='lat' dir='ltr'><strong>Quum</strong></span> <span class='ocrx_word' id='word_1_86' title='bbox 497 1538 641 1598; x_wconf 81' lang='lat' dir='ltr'><strong>Caesario</strong></span> <span class='ocrx_word' id='word_1_87' title='bbox 653 1539 785 1596; x_wconf 85' lang='lat' dir='ltr'><strong>Galliam</strong></span> <span class='ocrx_word' id='word_1_88' title='bbox 796 1557 838 1594; x_wconf 87' lang='lat' dir='ltr'><strong>ve·</strong></span> 
     </span>
     <span class='ocr_line' id='line_1_16' title="bbox 97 1617 837 1693; baseline 0.003 -21"><span class='ocrx_word' id='word_1_89' title='bbox 97 1618 149 1686; x_wconf 89' lang='lat' dir='ltr'><strong>nit,</strong></span> <span class='ocrx_word' id='word_1_90' title='bbox 170 1619 289 1675; x_wconf 76' lang='lat' dir='ltr'><strong>alterius</strong></span> <span class='ocrx_word' id='word_1_91' title='bbox 309 1618 442 1674; x_wconf 84' lang='lat' dir='ltr'><strong>factionis</strong></span> <span class='ocrx_word' id='word_1_92' title='bbox 464 1619 612 1693; x_wconf 77' lang='lat' dir='ltr'><strong>principes</strong></span> <span class='ocrx_word' id='word_1_93' title='bbox 634 1628 718 1675; x_wconf 83' lang='lat' dir='ltr'><strong>erant</strong></span> <span class='ocrx_word' id='word_1_94' title='bbox 731 1617 837 1681; x_wconf 80' lang='lat' dir='ltr'><strong>AEdui,²</strong></span> 
     </span>
     <span class='ocr_line' id='line_1_17' title="bbox 98 1694 837 1772; baseline 0 -20"><span class='ocrx_word' id='word_1_95' title='bbox 98 1699 217 1754; x_wconf 80' lang='lat' dir='ltr'><strong>alterins</strong></span> <span class='ocrx_word' id='word_1_96' title='bbox 232 1694 387 1770; x_wconf 79' lang='lat' dir='ltr'><strong>Sequani.²</strong></span> <span class='ocrx_word' id='word_1_97' title='bbox 423 1697 448 1754; x_wconf 92' lang='lat' dir='ltr'><strong>Ii</strong></span> <span class='ocrx_word' id='word_1_98' title='bbox 461 1695 555 1772; x_wconf 79' lang='lat' dir='ltr'><strong>quum</strong></span> <span class='ocrx_word' id='word_1_99' title='bbox 569 1714 623 1769; x_wconf 78' lang='lat' dir='ltr'><strong>per</strong></span> <span class='ocrx_word' id='word_1_100' title='bbox 637 1714 669 1752; x_wconf 90' lang='lat' dir='ltr'><strong>se</strong></span> <span class='ocrx_word' id='word_1_101' title='bbox 681 1694 783 1752; x_wconf 84' lang='lat' dir='ltr'><strong>mimis</strong></span> <span class='ocrx_word' id='word_1_102' title='bbox 795 1715 837 1752; x_wconf 74' lang='lat' dir='ltr'><strong>na·</strong></span> 
     </span>
     <span class='ocr_line' id='line_1_18' title="bbox 98 1773 837 1849; baseline -0.001 -19"><span class='ocrx_word' id='word_1_103' title='bbox 98 1778 201 1841; x_wconf 78' lang='lat' dir='ltr'><strong>lei-ent,</strong></span> <span class='ocrx_word' id='word_1_104' title='bbox 215 1773 293 1849; x_wconf 74' lang='lat' dir='ltr'><strong>quod</strong></span> <span class='ocrx_word' id='word_1_105' title='bbox 308 1793 426 1832; x_wconf 87' lang='lat' dir='ltr'><strong>summa</strong></span> <span class='ocrx_word' id='word_1_106' title='bbox 438 1775 595 1833; x_wconf 72' lang='lat' dir='ltr'><strong>auctoritas</strong></span> <span class='ocrx_word' id='word_1_107' title='bbox 607 1773 769 1848; x_wconf 75' lang='lat' dir='ltr'><strong>antiquitus</strong></span> <span class='ocrx_word' id='word_1_108' title='bbox 783 1783 837 1831; x_wconf 85' lang='lat' dir='ltr'><strong>erat</strong></span> 
     </span>
     <span class='ocr_line' id='line_1_19' title="bbox 99 1853 837 1930; baseline 0.003 -22"><span class='ocrx_word' id='word_1_109' title='bbox 99 1853 130 1909; x_wconf 87' lang='lat' dir='ltr'><strong>in</strong></span> <span class='ocrx_word' id='word_1_110' title='bbox 146 1853 257 1922; x_wconf 81' lang='lat' dir='ltr'><strong>AEduis,</strong></span> <span class='ocrx_word' id='word_1_111' title='bbox 279 1872 453 1930; x_wconf 85' lang='lat' dir='ltr'><strong>magnaeque</strong></span> <span class='ocrx_word' id='word_1_112' title='bbox 474 1871 579 1910; x_wconf 84' lang='lat' dir='ltr'><strong>eorum</strong></span> <span class='ocrx_word' id='word_1_113' title='bbox 594 1864 678 1910; x_wconf 82' lang='lat' dir='ltr'><strong>erant</strong></span> <span class='ocrx_word' id='word_1_114' title='bbox 690 1854 837 1918; x_wconf 72' lang='lat' dir='ltr'><strong>clientela,</strong></span> 
     </span>
     <span class='ocr_line' id='line_1_20' title="bbox 99 1930 836 2006; baseline 0.001 -19"><span class='ocrx_word' id='word_1_115' title='bbox 99 1933 275 2000; x_wconf 85' lang='lat' dir='ltr'><strong>Germanos,</strong></span> <span class='ocrx_word' id='word_1_116' title='bbox 287 1943 373 2006; x_wconf 86' lang='lat' dir='ltr'><strong>atque</strong></span> <span class='ocrx_word' id='word_1_117' title='bbox 388 1931 582 2002; x_wconf 80' lang='lat' dir='ltr'><strong>Ariovistum,</strong></span> <span class='ocrx_word' id='word_1_118' title='bbox 604 1930 659 1988; x_wconf 91' lang='lat' dir='ltr'><strong>sibi</strong></span> <span class='ocrx_word' id='word_1_119' title='bbox 685 1932 836 2003; x_wconf 72' lang='lat' dir='ltr'><strong>adiunxer-</strong></span> 
     </span>
     <span class='ocr_line' id='line_1_21' title="bbox 97 2009 836 2087; baseline 0.003 -21"><span class='ocrx_word' id='word_1_120' title='bbox 97 2022 155 2067; x_wconf 79' lang='lat' dir='ltr'><strong>ant,</strong></span> <span class='ocrx_word' id='word_1_121' title='bbox 178 2028 289 2083; x_wconf 86' lang='lat' dir='ltr'><strong>eosque</strong></span> <span class='ocrx_word' id='word_1_122' title='bbox 311 2012 347 2067; x_wconf 86' lang='lat' dir='ltr'><strong>ad</strong></span> <span class='ocrx_word' id='word_1_123' title='bbox 368 2029 398 2066; x_wconf 91' lang='lat' dir='ltr'><strong>se</strong></span> <span class='ocrx_word' id='word_1_124' title='bbox 412 2011 528 2086; x_wconf 85' lang='lat' dir='ltr'><strong>magnis</strong></span> <span class='ocrx_word' id='word_1_125' title='bbox 547 2009 681 2087; x_wconf 76' lang='lat' dir='ltr'><strong>jacturis,</strong></span> <span class='ocrx_word' id='word_1_126' title='bbox 700 2009 836 2082; x_wconf 83' lang='lat' dir='ltr'><strong>pollicita-</strong></span> 
     </span>
     <span class='ocr_line' id='line_1_22' title="bbox 96 2087 836 2160; baseline 0.004 -18"><span class='ocrx_word' id='word_1_127' title='bbox 96 2088 281 2160; x_wconf 88' lang='lat' dir='ltr'><strong>tionibusque</strong></span> <span class='ocrx_word' id='word_1_128' title='bbox 301 2091 509 2159; x_wconf 84' lang='lat' dir='ltr'><strong>perduxerant.</strong></span> <span class='ocrx_word' id='word_1_129' title='bbox 550 2088 663 2146; x_wconf 84' lang='lat' dir='ltr'><strong>Praeliis</strong></span> <span class='ocrx_word' id='word_1_130' title='bbox 677 2087 749 2144; x_wconf 80' lang='lat' dir='ltr'><strong>verb</strong></span> <span class='ocrx_word' id='word_1_131' title='bbox 762 2107 836 2145; x_wconf 89' lang='lat' dir='ltr'><strong>com-</strong></span> 
     </span>
     <span class='ocr_line' id='line_1_23' title="bbox 97 2165 835 2243; baseline 0 -20"><span class='ocrx_word' id='word_1_132' title='bbox 97 2167 229 2238; x_wconf 77' lang='lat' dir='ltr'><strong>pluribus</strong></span> <span class='ocrx_word' id='word_1_133' title='bbox 249 2165 331 2222; x_wconf 86' lang='lat' dir='ltr'><strong>factis</strong></span> <span class='ocrx_word' id='word_1_134' title='bbox 345 2169 490 2235; x_wconf 84' lang='lat' dir='ltr'><strong>secundis,</strong></span> <span class='ocrx_word' id='word_1_135' title='bbox 502 2177 588 2243; x_wconf 89' lang='lat' dir='ltr'><strong>atque</strong></span> <span class='ocrx_word' id='word_1_136' title='bbox 602 2168 684 2224; x_wconf 86' lang='lat' dir='ltr'><strong>omni</strong></span> <span class='ocrx_word' id='word_1_137' title='bbox 696 2167 835 2223; x_wconf 84' lang='lat' dir='ltr'><strong>nobilitate</strong></span> 
     </span>
     <span class='ocr_line' id='line_1_24' title="bbox 97 2243 835 2318; baseline 0.003 -18"><span class='ocrx_word' id='word_1_138' title='bbox 97 2248 260 2302; x_wconf 80' lang='lat' dir='ltr'><strong>AEduorum</strong></span> <span class='ocrx_word' id='word_1_139' title='bbox 274 2243 557 2314; x_wconf 78' lang='lat' dir='ltr'><strong>intersecta‚tantnm</strong></span> <span class='ocrx_word' id='word_1_140' title='bbox 571 2245 702 2318; x_wconf 69' lang='lat' dir='ltr'><strong>potentii</strong></span> <span class='ocrx_word' id='word_1_141' title='bbox 712 2258 835 2302; x_wconf 89' lang='lat' dir='ltr'><strong>anteces-</strong></span> 
     </span>
     <span class='ocr_line' id='line_1_25' title="bbox 103 2322 834 2398; baseline -0.003 -18"><span class='ocrx_word' id='word_1_142' title='bbox 103 2333 210 2391; x_wconf 81' lang='lat' dir='ltr'><strong>serant,</strong></span> <span class='ocrx_word' id='word_1_143' title='bbox 218 2333 251 2378; x_wconf 89' lang='lat' dir='ltr'><strong>ut</strong></span> <span class='ocrx_word' id='word_1_144' title='bbox 261 2339 400 2398; x_wconf 78' lang='lat' dir='ltr'><strong>magnam</strong></span> <span class='ocrx_word' id='word_1_145' title='bbox 412 2336 528 2398; x_wconf 82' lang='lat' dir='ltr'><strong>partem</strong></span> <span class='ocrx_word' id='word_1_146' title='bbox 539 2325 692 2381; x_wconf 86' lang='lat' dir='ltr'><strong>clientium</strong></span> <span class='ocrx_word' id='word_1_147' title='bbox 701 2322 834 2381; x_wconf 85' lang='lat' dir='ltr'><strong>abAEduis</strong></span> 
     </span>
    </p>
   </div>
   <div class='ocr_carea' id='block_1_3' title="bbox 94 2490 833 2816">
    <p class='ocr_par' dir='ltr' id='par_1_3' title="bbox 94 2490 833 2742">
     <span class='ocr_line' id='line_1_26' title="bbox 135 2490 833 2556; baseline 0.006 -17"><span class='ocrx_word' id='word_1_148' title='bbox 135 2498 145 2524; x_wconf 85' lang='lat'>1</span> <span class='ocrx_word' id='word_1_149' title='bbox 171 2491 258 2539; x_wconf 62' lang='grc' dir='ltr'><strong><em>[Μαί.</em></strong></span> <span class='ocrx_word' id='word_1_150' title='bbox 292 2492 384 2540; x_wconf 76' lang='lat' dir='ltr'><strong>Under</strong></span> <span class='ocrx_word' id='word_1_151' title='bbox 404 2492 456 2542; x_wconf 86' lang='lat' dir='ltr'><strong>this</strong></span> <span class='ocrx_word' id='word_1_152' title='bbox 478 2506 559 2548; x_wconf 77' lang='lat' dir='ltr'><strong>natue,</strong></span> <span class='ocrx_word' id='word_1_153' title='bbox 578 2495 600 2543; x_wconf 84' lang='lat' dir='ltr'><strong>is</strong></span> <span class='ocrx_word' id='word_1_154' title='bbox 621 2490 771 2556; x_wconf 79' lang='lat' dir='ltr'><strong>compi-ised</strong></span> <span class='ocrx_word' id='word_1_155' title='bbox 790 2493 833 2543; x_wconf 82' lang='lat' dir='ltr'><strong>the</strong></span> 
     </span>
     <span class='ocr_line' id='line_1_27' title="bbox 95 2554 832 2622; baseline 0.005 -18"><span class='ocrx_word' id='word_1_156' title='bbox 95 2557 189 2618; x_wconf 82' lang='lat' dir='ltr'><strong>people</strong></span> <span class='ocrx_word' id='word_1_157' title='bbox 202 2554 233 2606; x_wconf 85' lang='lat' dir='ltr'><strong>of</strong></span> <span class='ocrx_word' id='word_1_158' title='bbox 247 2556 293 2604; x_wconf 87' lang='lat' dir='ltr'><strong>the</strong></span> <span class='ocrx_word' id='word_1_159' title='bbox 313 2559 461 2606; x_wconf 73' lang='lat' dir='ltr'><strong>territorias</strong></span> <span class='ocrx_word' id='word_1_160' title='bbox 474 2559 506 2607; x_wconf 68' lang='grc' dir='ltr'><strong>οῖ’</strong></span> <span class='ocrx_word' id='word_1_161' title='bbox 515 2564 618 2618; x_wconf 83' lang='lat' dir='ltr'><strong>Autan,</strong></span> <span class='ocrx_word' id='word_1_162' title='bbox 638 2559 754 2608; x_wconf 84' lang='lat' dir='ltr'><strong>Chalons</strong></span> <span class='ocrx_word' id='word_1_163' title='bbox 770 2573 832 2622; x_wconf 87' lang='lat' dir='ltr'><strong>upon</strong></span> 
     </span>
     <span class='ocr_line' id='line_1_28' title="bbox 95 2621 831 2690; baseline 0.011 -24"><span class='ocrx_word' id='word_1_164' title='bbox 95 2621 141 2667; x_wconf 68' lang='lat' dir='ltr'><strong>tlte</strong></span> <span class='ocrx_word' id='word_1_165' title='bbox 163 2625 254 2672; x_wconf 84' lang='lat' dir='ltr'><strong>Saone.</strong></span> <span class='ocrx_word' id='word_1_166' title='bbox 273 2626 378 2681; x_wconf 69' lang='lat' dir='ltr'><strong>Meteon,</strong></span> <span class='ocrx_word' id='word_1_167' title='bbox 400 2627 768 2690; x_wconf 73' lang='lat' dir='ltr'><strong>Lyons,Nevecs,Lang1-es‚</strong></span> <span class='ocrx_word' id='word_1_168' title='bbox 786 2625 831 2674; x_wconf 79' lang='lat' dir='ltr'><strong>and</strong></span> 
     </span>
     <span class='ocr_line' id='line_1_29' title="bbox 94 2685 459 2742; baseline 0.033 -12"><span class='ocrx_word' id='word_1_169' title='bbox 94 2685 285 2734; x_wconf 79' lang='lat' dir='ltr'><strong>Bottrbonnais.</strong></span> <span class='ocrx_word' id='word_1_170' title='bbox 456 2735 459 2742; x_wconf 34' lang='lat'><strong>⁴</strong></span> 
     </span>
    </p>

    <p class='ocr_par' dir='ltr' id='par_1_4' title="bbox 130 2751 829 2816">
     <span class='ocr_line' id='line_1_30' title="bbox 130 2751 829 2816; baseline 0.014 -21"><span class='ocrx_word' id='word_1_171' title='bbox 130 2752 143 2784; x_wconf 77' lang='lat'><strong>2</strong></span> <span class='ocrx_word' id='word_1_172' title='bbox 167 2752 278 2813; x_wconf 67' lang='lat' dir='ltr'><strong>Sequani.</strong></span> <span class='ocrx_word' id='word_1_173' title='bbox 315 2751 455 2816; x_wconf 83' lang='lat' dir='ltr'><strong>Peopleof</strong></span> <span class='ocrx_word' id='word_1_174' title='bbox 470 2754 556 2804; x_wconf 85' lang='lat' dir='ltr'><strong>Celtic</strong></span> <span class='ocrx_word' id='word_1_175' title='bbox 570 2757 647 2815; x_wconf 86' lang='lat' dir='ltr'><strong>Gaul,</strong></span> <span class='ocrx_word' id='word_1_176' title='bbox 667 2756 753 2806; x_wconf 85' lang='lat' dir='ltr'><strong>which</strong></span> <span class='ocrx_word' id='word_1_177' title='bbox 768 2772 829 2806; x_wconf 82' lang='lat' dir='ltr'><strong>corn-</strong></span> 
     </span>
    </p>
   </div>
   <div class='ocr_carea' id='block_1_4' title="bbox 94 2813 828 2926">
    <p class='ocr_par' dir='ltr' id='par_1_5' title="bbox 94 2813 828 2926">
     <span class='ocr_line' id='line_1_31' title="bbox 94 2813 828 2926; baseline 0.014 -63"><span class='ocrx_word' id='word_1_178' title='bbox 94 2813 228 2926; x_wconf 36' lang='lat' dir='ltr'><strong>iiiiii&amp;</strong></span> <span class='ocrx_word' id='word_1_179' title='bbox 247 2818 338 2882; x_wconf 80' lang='lat' dir='ltr'><strong>nearly</strong></span> <span class='ocrx_word' id='word_1_180' title='bbox 360 2818 444 2870; x_wconf 80' lang='lat' dir='ltr'><strong>allos</strong></span> <span class='ocrx_word' id='word_1_181' title='bbox 465 2821 611 2888; x_wconf 82' lang='lat' dir='ltr'><strong>Burgundy</strong></span> <span class='ocrx_word' id='word_1_182' title='bbox 632 2823 684 2874; x_wconf 86' lang='lat' dir='ltr'><strong>and</strong></span> <span class='ocrx_word' id='word_1_183' title='bbox 710 2824 828 2875; x_wconf 83' lang='lat' dir='ltr'><strong>Franche·</strong></span> 
     </span>
    </p>
   </div>
   <div class='ocr_carea' id='block_1_5' title="bbox 0 0 942 3267">
    <p class='ocr_par' dir='ltr' id='par_1_6' title="bbox 0 0 942 3267">
     <span class='ocr_line' id='line_1_32' title="bbox 0 0 942 3267; baseline 0 1"><span class='ocrx_word' id='word_1_184' title='bbox 0 0 942 3267; x_wconf 95' lang='lat' dir='ltr'><strong> </strong></span> 
     </span>
    </p>
   </div>
  </div>
 </body>
</html>
