1875 3267
469 256 531 327 mo
631 354 634 362 Ι

124 419 297 492 mcgnitudo
307 425 378 474 erat.
396 410 632 491 Quippequibus
642 430 697 472 nec
707 414 874 487 domispes-

124 497 222 570 prolis,
228 514 282 552 nec
293 514 363 553 cum
369 492 770 553 finitimisconnubiaessent.
785 496 873 551 Tun1

123 594 160 631 ex
175 574 296 632 consilio
307 586 426 649 patrum
448 572 593 629 Romulus
606 573 719 647 legatos
733 569 814 630 circa
828 573 872 629 vi·
915 633 918 639 ,

123 653 203 709 cinas
215 662 317 728 gentes
326 652 416 719 misit,
423 651 473 725 qui
484 649 664 718 societatem,
673 652 871 713 connubium·

122 747 182 805 que
194 749 271 788 novo
284 733 395 805 populo
407 739 550 803 peterent.
578 728 675 785 Urlaes
689 746 820 803 quoque,
835 743 870 789 ut

122 820 240 878 caetera,
252 829 291 867 ex
307 808 410 866 infimo
420 807 520 866 nasci:
543 805 648 865 deinde
661 825 734 879 quas
748 810 870 867 suavir·

120 895 214 944 tusae
230 888 281 945 Dii
291 887 402 964 juvent,
412 904 536 961 magnas
545 904 617 959 opes
627 885 691 951 sibi,
705 888 870 960 magnum-

121 985 179 1041 que
188 985 298 1025 nomen
305 966 409 1024 facere.
431 964 507 1023 Satis
517 965 602 1033 scire,
613 962 723 1038 origini
736 980 867 1024 romanae

122 1056 153 1102 et
164 1043 247 1104 Deos
260 1044 379 1104 affuisse
399 1054 429 1101 et
447 1062 507 1101 non
527 1042 696 1102 defuturam
714 1041 867 1103 virtutem.

121 1122 249 1181 Proinde
262 1143 300 1181 ne
313 1132 504 1199 gravarentur
512 1120 647 1179 homines
659 1137 729 1177 cum
738 1122 869 1181 homini-

120 1204 176 1259 bus
189 1202 363 1277 sanguinem
376 1211 406 1258 et
419 1219 513 1277 genus
525 1201 662 1257 miscere·
704 1200 868 1275 Nusquam

121 1280 245 1355 benigne
253 1278 363 1356 legatio
375 1280 473 1337 audita
483 1290 546 1336 est:
568 1277 639 1337 adeo
648 1276 737 1334 simul
746 1297 869 1355 sperne·
927 1304 928 1363 l

119 1360 198 1425 bant,
218 1358 305 1415 simul
316 1367 427 1415 tantam
440 1358 471 1415 in
488 1358 586 1420 medio
598 1365 785 1415 crescentem
803 1378 870 1416 mo·
927 1372 928 1419 l

120 1438 181 1493 lem
195 1435 296 1492 sibiae
316 1436 442 1509 posteris
462 1436 524 1493 suis
542 1438 721 1493 metuebant.
762 1439 792 1495 A
807 1440 869 1511 ple·
927 1430 928 1443 ¹

120 1515 221 1587 risque
235 1512 438 1589 rogitantibus,
457 1513 584 1581 dimisa,
611 1512 869 1587 Ecquodfeminis

120 1610 239 1667 quoque
250 1594 364 1667 asylum
377 1589 582 1668 aperuissent?
604 1592 634 1651 id
646 1589 727 1649 enim
741 1592 869 1652 demtlm

121 1689 244 1745 compar
256 1673 437 1731 connubium
458 1671 530 1729 fore.
570 1668 664 1749 AEgrb
683 1669 713 1728 id
732 1672 869 1732 Romana

120 1751 213 1826 pubes
221 1769 314 1827 passa,
328 1762 357 1809 et
369 1752 449 1809 haud
461 1750 546 1809 dubie
559 1752 595 1807 ad
602 1752 663 1807 vim
674 1760 811 1825 spectare
820 1770 870 1809 res

120 1827 218 1904 caepit.
243 1830 302 1889 Cui
315 1841 433 1906 tempus
446 1833 607 1904 locumque
621 1839 723 1905 aptum
736 1840 771 1888 ut
784 1830 870 1888 daret
928 1876 929 1913 ,

80 1973 84 1981 ,
120 1909 279 1979 Romulus,
293 1910 501 1985 aegritudinem
510 1908 601 1966 animi
613 1906 814 1979 dissimulans,
824 1912 870 1968 lu·
928 1920 929 1969 l

121 1989 174 2045 dos
187 2004 226 2042 ex
240 1986 386 2044 industria
407 1997 490 2061 parat
511 1990 651 2061 Neptuno
666 1988 808 2061 Equestri
823 2008 870 2047 so·
928 1978 929 2027 i

120 2066 252 2121 lemnes:
268 2064 424 2122 Consualia
436 2076 530 2125 vocat.
551 2066 646 2124 Indici
659 2064 764 2124 deinde
778 2068 869 2124 {initi-
928 2040 929 2127 l

118 2143 178 2202 mis
199 2146 400 2217 spectaculum
418 2143 518 2223 jubet:
538 2154 704 2221 quantoque
724 2157 869 2221 apparatu
928 2146 929 2185 l

119 2232 187 2280 tum
208 2220 336 2280 sciebant
356 2234 404 2280 aut
423 2233 568 2298 poterant,
588 2225 813 2294 concelebrant3
836 2236 870 2283 ut

120 2319 187 2358 rem
199 2303 309 2359 claram
331 2312 575 2377 expectatamque
593 2300 733 2360 facerent.
776 2304 869 2361 Multi

120 2380 261 2437 mortales
271 2385 441 2452 convenere,
454 2380 551 2439 studio
564 2380 652 2439 etiam
666 2380 801 2439 videndae
816 2400 868 2441 no·

119 2476 164 2516 vae
175 2457 256 2514 urbis
270 2478 277 2525 ;
298 2459 428 2517 maxime
437 2459 565 2533 proximi
576 2460 695 2534 quique,
705 2460 867 2518 Caeninen·

120 2540 193 2602 se's,¹
209 2537 393 2605 Crustimini,
414 2541 618 2597 Antemnates.
658 2540 726 2595 Jam
744 2539 867 2597 Sabino-

159 2714 168 2742 ¹
187 2712 343 2770 Cannenses,
357 2710 512 2767 eruamini,
526 2712 696 2770 Antemnates,
708 2726 765 2760 now
778 2712 866 2763 called

121 2774 227 2831 Sabine,
240 2794 256 2825 a
265 2776 335 2827 little
347 2778 467 2840 province
479 2777 506 2827 in
518 2776 564 2827 tbe
578 2778 660 2842 Papal
673 2778 759 2837 State,
777 2784 805 2828 to
817 2779 865 2833 the

122 2842 199 2891 north
210 2839 242 2890 ol
250 2845 346 2893 Rome.
