1875 3267
418 215 480 270 275
506 242 510 248 ’

53 355 170 428 campi.
185 357 296 418 uberes
315 355 416 426 ltaliae,
436 356 567 416 deductis
587 377 624 415 ex
643 357 813 434 asperrimis

55 435 269 500 montibns‘s'in
284 454 366 510 spem
380 435 506 493 victoria
519 443 707 493 ostentantur.
727 436 813 492 Mau·

53 525 107 567 ros
128 511 349 588 Numidasque
362 513 528 572 Masinissae
551 517 701 588 impotenti
714 515 813 572 futuro

55 591 225 648 dominatu
246 602 343 650 terret.
385 591 460 650 Aliis
483 594 548 650 aliae
573 612 640 666 spes
661 611 692 649 ac
713 604 813 650 metus

54 665 227 744 jactantur.
268 670 559 748 Carthaginiensibus
576 671 683 728 maenia
702 669 822 744 patriae,

58 745 112 802 Dii
137 759 278 820 penates,
296 751 451 824 sepulchra
471 750 628 823 majorum,
649 749 729 806 liberi
742 765 812 804 cum

56 827 250 896 parentibus,
277 825 418 902 conjuges
439 827 559 902 pavidae,
579 839 630 884 aut
649 826 813 896 exscidium

59 903 295 981 servitiumque,
316 915 365 962 aut
382 904 541 980 imperium
556 907 634 963 orbis
647 917 812 973 terrarum

62 979 140 1037 nihil
156 994 212 1040 aut
226 987 350 1052 metum,
364 985 456 1040 autin
474 1003 558 1057 spem
572 985 705 1042 medium
718 992 816 1038 osten-
893 982 898 988 “

61 1068 156 1116 tatur.
202 1059 305 1130 Quam
325 1061 456 1119 maxime
473 1064 538 1119 haee
558 1061 718 1138 imperator
737 1061 815 1133 apud

66 1138 345 1214 Carthaginienses,
358 1142 447 1196 duces
461 1158 580 1196 suarum
594 1141 728 1216 gentium
741 1139 817 1194 inter

64 1219 242 1288 populares,
255 1217 402 1292 plerisque
416 1237 469 1294 per
482 1218 654 1292 interpretes
670 1217 816 1275 intermis-

64 1303 112 1348 tos
137 1293 325 1370 alienigenis,
345 1295 473 1370 agerent,
495 1300 573 1352 tnbae
593 1314 759 1370 comuaque
780 1298 815 1350 ab

68 1371 218 1430 Romanis
231 1375 417 1432 cecinerunt:
439 1383 591 1448 tantusque
606 1379 715 1433 clarnor
723 1386 816 1439 ortus,

68 1461 103 1506 ut
116 1453 269 1526 elephanti
291 1454 320 1508 in
339 1472 415 1520 suos,
429 1453 546 1510 sinistro
566 1452 699 1510 maximd
713 1451 818 1529 cornu,

70 1540 274 1599 verterentur,
296 1533 418 1588 lltlauros
444 1550 478 1588 ac
502 1533 655 1590 Numidas.
695 1530 816 1590 Addidit

71 1607 157 1664 iacild
182 1608 338 1666 Masinissa
357 1610 498 1683 perculsis
515 1621 665 1678 terrorem,
684 1609 816 1666 nudauit·
868 1658 874 1674 ,

70 1705 130 1760 que
141 1689 178 1743 ab
192 1690 227 1743 eb
239 1700 320 1760 parte
329 1687 423 1744 aciem
433 1687 562 1762 equestri
572 1688 688 1747 auxilio.
709 1691 815 1744 Paucae

72 1774 176 1822 tamen
198 1766 354 1822 bestiarum
377 1765 530 1838 intrepidae
551 1764 581 1819 in
602 1767 717 1821 hostem
737 1774 817 1830 actae,

74 1841 153 1898 inter
168 1843 289 1900 velitum
310 1843 426 1902 ordines
439 1859 510 1898 cum
523 1843 622 1899 multis
636 1843 696 1898 suis
716 1844 815 1898 vulne-

75 1919 157 1977 ribus
177 1923 326 1996 ingentem
334 1935 469 1996 ¹stragem
484 1923 605 1978 edebant
620 1942 628 1986 3
654 1920 819 1979 resilientes

76 1997 159 2056 enim
182 2001 218 2056 ad
237 2003 401 2074 manipulos
424 1997 533 2062 velites,
552 1998 644 2072 qudm
666 2001 744 2056 viam
758 2001 816 2054 ele-

75 2079 196 2149 phontis
210 2096 246 2134 ne
260 2082 468 2144 obtererentur,
483 2077 618 2134 fecissent
631 2101 648 2151 3,
662 2079 691 2133 in
704 2096 754 2134 eos
767 2094 817 2132 an·

77 2157 183 2230 cipites
196 2159 232 2214 ad
244 2157 333 2214 ictum
344 2159 490 2230 utrimque
503 2156 696 2231 conjiciebant
704 2158 814 2221 hastas;
827 2227 830 2233 ἱ

78 2250 133 2291 nee
147 2235 206 2306 pila
219 2238 253 2292 ab
266 2234 463 2310 antesignanis
474 2237 641 2302 cessabant;
662 2237 753 2291 donec
763 2252 817 2292 un·

80 2311 169 2386 dique
197 2313 390 2370 incidentibus
415 2315 480 2370 telis
500 2315 597 2370 exacti
621 2332 659 2371 ex
683 2315 816 2371 Romana

81 2393 152 2456 acie,
176 2391 206 2448 hi
230 2405 344 2465 quoque
367 2392 396 2447 in
418 2411 470 2448 suo
493 2393 596 2447 dextro
622 2410 711 2448 cornu
738 2391 817 2462 ipsos

80 2469 367 2545 Carthaginiensium
381 2469 494 2542 equites
505 2470 533 2525 iu
547 2467 647 2547 lugam
660 2481 816 2526 verterunt.

82 2545 201 2616 Laelins,
214 2558 247 2604 ut
266 2551 395 2606 turbatos
410 2549 479 2605 vidit
493 2551 600 2616 hostes,
612 2548 689 2605 addit
703 2548 818 2619 percul-

84 2623 123 2682 sis
136 2639 287 2682 terrorem.

122 2703 278 2779 Utrimque
293 2704 392 2777 equite
404 2705 512 2763 nudata
525 2711 587 2761 erat
596 2704 707 2761 Punica
719 2703 815 2768 acies}
