1875 3267
448 310 510 367 ³76

113 459 212 520 medio
233 475 323 516 cursu
347 466 391 514 est
411 455 515 523 insula,
526 470 594 528 quae
608 453 773 528 appellatur
786 451 854 510 Mo·

113 543 176 596 ns.¹
212 539 389 609 Complures
409 531 553 607 praeteiei
576 532 706 588 minores
729 532 855 606 objeetae

113 616 216 672 insulae
237 616 463 671 existimantur:
482 610 644 684 dequibus
663 609 769 667 insulis
785 625 857 665 non·

112 694 185 750 nulli
199 693 391 764 scripserunt,
405 691 467 746 dies
475 690 632 746 continuos
643 706 708 745 xxx
721 691 776 746 sub
788 690 856 746 bru·

112 777 162 829 ml
178 787 243 828 esse
257 784 385 828 noctem.
427 769 491 826 Nos
500 767 577 825 nihil
591 770 626 824 de
635 787 670 824 eo
682 778 859 841 percuncta-

112 851 241 908 tionibus
263 850 489 921 reperiebamus,
514 847 573 903 nisi
598 846 687 903 certis
714 866 753 904 ex
782 847 860 918 aqut

112 929 271 996 mensuris,
281 930 428 986 breviores
441 945 507 983 esse
520 936 629 990 noctes,
642 923 734 1000 quiin
745 926 778 982 in
790 941 860 983 eon·

113 1008 233 1076 tinente,
251 1008 429 1064 videbamus.
471 1007 572 1084 Hujus
592 1014 637 1060 est
652 1003 808 1078 longitudo
821 1005 860 1060 la·

113 1089 194 1154 teris,
210 1097 241 1142 ut
255 1084 434 1143 fertillorum
447 1083 558 1155 opinio,
579 1101 634 1140 nec
647 1084 779 1139 millium
795 1097 860 1157 pas·

115 1185 213 1224 suum.
236 1163 374 1223 Tertium
384 1174 428 1220 est
440 1162 542 1218 contra
552 1158 860 1235 Septentrionem‚cui

114 1243 192 1316 parti
200 1245 278 1302 nulla
291 1255 335 1300 est
348 1244 463 1318 objecta
475 1253 573 1298 terra:
595 1241 646 1296 sed
655 1239 723 1314 ejus
732 1240 860 1314 angulus

113 1319 217 1382 lateris
226 1321 355 1378 maximi:
366 1323 402 1378 ad
411 1321 605 1376 Germaniam
616 1329 737 1392 spectat„
779 1317 860 1374 Huic

115 1403 209 1460 millia
231 1418 355 1474 pasuum
384 1415 466 1454 occe
501 1397 532 1455 in
558 1398 773 1476 longitudinem
796 1407 860 1452 esse

116 1478 311 1540 mistimatur.
353 1475 399 1535 lui
411 1475 509 1534 omnis
522 1475 617 1533 insula
629 1486 674 1531 est
686 1475 719 1532 in
734 1472 863 1531 circuitu

115 1557 208 1616 vicies
221 1567 343 1614 centena
353 1555 444 1612 millia
458 1574 603 1628 passuum
641 1551 691 1611 Ex
704 1552 752 1610 his'
765 1549 861 1610 omni·

116 1640 171 1695 bus
185 1635 270 1712 longe
289 1647 358 1692 sunt
371 1633 589 1699 humanissimi,
602 1631 653 1707 qui
666 1632 809 1689 Cantium
817 1629 862 1686 in·

118 1718 234 1774 colunt:
256 1733 323 1788 quae
338 1713 421 1789 regio
436 1724 480 1770 est
489 1711 638 1769 maritima
645 1709 753 1779 omnis,
763 1705 862 1782 nequd

117 1792 247 1852 multum
264 1790 559 1851 &Gallicldifferunt
572 1789 794 1881 conquetudine.
815 1789 863 1843 In·

117 1873 240 1930 teniores
261 1873 393 1946 plerique
415 1869 561 1926 frumenta
585 1886 644 1924 non
667 1877 789 1924 senuntt
811 1865 862 1921 sed

118 1952 192 2008 lacte
206 1962 235 2008 et
250 1968 337 2007 enine
352 1950 451 2006 vivunt
467 1969 476 2014 ;
498 1947 680 2020 pellibusque
693 1956 763 2002 sunt
776 1942 864 2000 vesti·

117 2030 159 2086 ti:
181 2047 285 2084 omnes
312 2027 382 2084 vend
407 2047 438 2083 se
466 2025 598 2082 Britanni
621 2025 696 2082 vitro
718 2023 864 2089 inliciunt,

119 2108 196 2180 quud
212 2108 382 2163 caerulaeum
397 2105 485 2160 efficit
504 2105 644 2160 colorem.
685 2106 789 2176 Atque
807 2101 864 2157 hnc

119 2183 303 2242 horribiliore
318 2195 384 2240 sunt
398 2183 427 2238 in
440 2186 543 2256 pugna
563 2185 723 2254 adspectu:
745 2179 865 2255 capillo-

119 2281 178 2338 que
193 2273 260 2320 sunt
275 2262 419 2335 promisso
432 2281 439 2326 3
461 2272 549 2332 atque
569 2261 649 2317 omni
665 2269 747 2334 parte
763 2276 865 2332 eorpo-

119 2342 160 2398 ris
169 2345 244 2409 nasi,
254 2353 361 2415 praeter
371 2350 457 2414 caput
468 2350 499 2395 et
509 2343 620 2395 labeum
632 2337 778 2412 superius.
800 2337 864 2393 Ux-

26 2435 27 2438 ’
118 2439 186 2478 ones
209 2421 315 2477 habent
337 2419 404 2476 deni
429 2417 618 2492 duodenique
642 2419 719 2474 inter
737 2433 865 2472 seeom·

26 2525 27 2528 ¹
119 2517 238 2563 munes,
259 2510 287 2554 et
308 2494 440 2554 maxime
460 2496 563 2552 fratres
583 2493 817 2558 cumfratribus,
836 2503 864 2548 et

119 2587 255 2648 parentes
277 2595 349 2632 eum
370 2574 478 2632 liberis.
520 2576 578 2632 Sed
599 2574 649 2648 qui
671 2584 738 2631 sunt
759 2589 797 2629 ex
817 2571 863 2628 his
912 2609 914 2618 .

119 2743 356 2854 lreimIdOM-the
369 2743 421 2793 lsle
430 2739 461 2792 of
469 2746 544 2802 Man,
549 2740 669 2794 between
680 2734 804 2810 Euglaud
812 2741 863 2794 aud
