1875 3267
407 218 467 273 3:35

64 363 94 422 Ii
108 373 194 422 certo
206 363 272 438 anni
295 347 429 436 t'cmpore
450 361 600 419 infinibus
619 363 809 429 Carnutum-²

65 459 138 516 quae
160 443 244 518 regio
265 441 354 499 totius
368 440 585 500 Galliaemedia
597 443 729 508 habetur,
742 459 811 497 con-

65 517 172 577 sidunt
185 521 215 578 in
226 521 291 576 loco
304 529 483 577 consecrato.
523 517 593 576 Huc
605 537 708 576 omnes
730 517 814 575 undi-

64 615 127 671 que
152 597 204 672 qui
229 597 443 660 controversias
468 598 584 666 habent,
616 595 812 664 conveniunt3

65 692 238 750 ericumque
250 673 371 752 judiciis
384 675 564 748 decretisque
576 685 688 748 parent.
716 675 814 732 Disci-

65 753 150 826 plina
162 755 193 810 in
207 753 357 810 Britannia
372 765 496 827 reperta,
518 764 606 828 atque
622 750 688 810 inde
701 753 732 809 in
745 753 814 809 Gal·

28 865 34 878 ·
66 830 143 888 liam
156 833 294 888 translata
308 849 372 888 esse
387 831 583 890 existimatur.
617 833 658 890 Et
669 848 750 887 nunc
762 831 815 903 qui

66 906 246 986 diligentius
268 928 333 968 eam
354 927 419 966 rem
441 927 619 984 cognoscere
632 912 741 975 volunt,
753 911 815 981 plc-

65 985 201 1064 rumque
232 986 282 1044 illd
307 986 437 1044 discendi
464 990 554 1045 causa
584 987 816 1061 proficiscuntur.

67 1066 205 1124 Druides
225 1064 242 1122 ai
264 1067 340 1124 bello
362 1067 462 1122 abesse
487 1075 709 1133 consueverunt,
721 1061 820 1137 nequi:¹

65 1145 181 1202 tributa
202 1145 261 1203 uni
284 1163 353 1202 cum
375 1142 499 1218 reliquis
519 1144 668 1217 pendunt;
701 1140 815 1200 militiae

67 1222 465 1297 vacationem,omniumque
476 1240 577 1280 rerum
589 1223 695 1280 habent
707 1219 818 1279 immu-

69 1301 216 1360 nitatem„
247 1300 349 1356 Tantis
375 1300 495 1358 excitati
526 1300 669 1374 proemiis,
701 1310 730 1356 et
760 1299 818 1373 suls

68 1391 179 1454 sponte
200 1379 286 1436 multi
307 1377 337 1434 in
361 1377 544 1453 disciplinam
558 1378 743 1447 conveniunt,
758 1375 819 1434 eti

68 1457 247 1532 propinquis
256 1454 483 1532 parentibusque
488 1456 653 1517 mittuntur.
667 1459 817 1532 Magnum

69 1536 114 1594 ibi
127 1553 438 1608 numerumversuum
451 1535 580 1594 ediscere
593 1538 739 1593 dicuntur.
759 1536 818 1591 lta-

71 1631 134 1689 que
146 1614 278 1672 nonnulli
297 1631 388 1672 annos
401 1615 521 1670 vicenos
533 1613 562 1670 in
576 1614 730 1686 disciplina
752 1630 820 1686 per·

69 1701 212 1760 maneum
225 1709 329 1768 neque
353 1691 395 1748 ias
408 1710 473 1748 esse
486 1690 658 1748 existimant
669 1709 705 1746 ea
716 1687 820 1746 litteris

71 1771 225 1840 mandare,
237 1789 329 1846 quum
342 1769 373 1826 in
383 1769 504 1846 reliquis
518 1767 578 1826 lere
585 1772 687 1845 rebus,
694 1765 819 1841 publicis

72 1848 256 1924 privatisque
266 1847 432 1917 rationibus,
440 1848 584 1918 (Graecis)
594 1845 684 1904 literis
695 1855 820 1903 utantur.

74 1928 111 1985 Id
122 1925 196 1984 mihi
212 1927 322 1984 duabus
335 1927 371 1996 de
387 1925 485 1983 carrsis
497 1924 657 1983 instituisse
671 1924 820 1991 videntur3

74 2001 156 2079 quiid
176 2021 272 2078 neque
298 2005 328 2060 in
341 2007 447 2080 vulgus
466 2003 652 2077 disciplinam
665 2003 827 2060 efferrivec

75 2083 151 2148 lint;
170 2076 265 2156 nequit
278 2101 340 2151 eos,
359 2084 408 2156 qui
422 2082 547 2154 discunt,
570 2081 675 2140 litteris
689 2080 823 2148 confisos,

75 2155 178 2230 minis
189 2160 343 2218 memoriae
358 2163 486 2230 studere,
509 2160 587 2236 quid
600 2159 663 2218 fere
674 2160 822 2234 plerisque

75 2237 190 2314 accidit,
205 2248 236 2294 nt
248 2237 387 2312 praesidio
402 2240 575 2308 litterarum,
594 2237 778 2313 diligentiam
790 2237 822 2292 in

76 2315 325 2388 perdiscendum
340 2318 515 2384 memoriam
525 2317 683 2374 remittant.
712 2319 747 2372 ln
760 2312 822 2388 pri-

79 2394 139 2452 mis
150 2396 204 2451 hoc
217 2396 318 2452 uolunt
332 2397 523 2467 persuadere:
545 2395 614 2451 Non
631 2393 752 2451 interire
765 2391 825 2450 ani.

96 2573 129 2606 ·¹
155 2569 279 2617 Carnutes.
299 2563 583 2630 Caesarcomprehends
592 2565 676 2614 under
684 2565 737 2613 this
745 2581 821 2614 name

82 2633 128 2681 tlte
147 2631 303 2680 inhabitants
323 2630 354 2680 of
372 2628 494 2688 Orlesns,
513 2630 634 2686 Blaisols,
647 2630 817 2689 vendomois,

81 2699 128 2759 the
138 2705 246 2764 country
253 2696 284 2746 of
293 2697 441 2754 C'hartralm
452 2696 504 2746 and
515 2693 545 2745 of
554 2699 670 2758 Beauce.
