<?xml version="1.0" encoding="UTF-8"?>
<!DOCTYPE html PUBLIC "-//W3C//DTD XHTML 1.0 Transitional//EN"
    "http://www.w3.org/TR/xhtml1/DTD/xhtml1-transitional.dtd">
<html xmlns="http://www.w3.org/1999/xhtml" xml:lang="en" lang="en">
 <head>
  <title>
</title>
<meta http-equiv="Content-Type" content="text/html;charset=utf-8" />
  <meta name='ocr-system' content='tesseract 3.04.00' />
  <meta name='ocr-capabilities' content='ocr_page ocr_carea ocr_par ocr_line ocrx_word'/>
</head>
<body>
  <div class='ocr_page' id='page_1' title='image "./narrationesexce00watsgoog_0192.png"; bbox 0 0 1875 3267; ppageno 0'>
   <div class='ocr_carea' id='block_1_1' title="bbox 426 296 484 357">
    <p class='ocr_par' dir='ltr' id='par_1_1' title="bbox 426 296 484 357">
     <span class='ocr_line' id='line_1_1' title="bbox 426 296 484 357; baseline 0.121 -7"><span class='ocrx_word' id='word_1_1' title='bbox 426 296 484 357; x_wconf 80' lang='lat'><strong>191</strong></span> 
     </span>
    </p>
   </div>
   <div class='ocr_carea' id='block_1_2' title="bbox 74 432 827 2876">
    <p class='ocr_par' dir='ltr' id='par_1_2' title="bbox 74 432 827 2158">
     <span class='ocr_line' id='line_1_2' title="bbox 79 432 827 521; baseline 0.011 -27"><span class='ocrx_word' id='word_1_2' title='bbox 79 456 151 495; x_wconf 73' lang='lat' dir='ltr'><strong>eam</strong></span> <span class='ocrx_word' id='word_1_3' title='bbox 160 440 275 516; x_wconf 67' lang='lat' dir='ltr'><strong>quoque</strong></span> <span class='ocrx_word' id='word_1_4' title='bbox 288 445 417 499; x_wconf 88' lang='lat' dir='ltr'><strong>clansam</strong></span> <span class='ocrx_word' id='word_1_5' title='bbox 432 460 485 500; x_wconf 90' lang='lat' dir='ltr'><strong>suo</strong></span> <span class='ocrx_word' id='word_1_6' title='bbox 507 440 598 509; x_wconf 82' lang='lat' dir='ltr'><strong>obice,</strong></span> <span class='ocrx_word' id='word_1_7' title='bbox 611 432 760 521; x_wconf 82' lang='lat' dir='ltr'><strong>annisque</strong></span> <span class='ocrx_word' id='word_1_8' title='bbox 776 446 827 502; x_wconf 45' lang='lat' dir='ltr'><strong>in*</strong></span> 
     </span>
     <span class='ocr_line' id='line_1_3' title="bbox 76 517 817 611; baseline 0.012 -39"><span class='ocrx_word' id='word_1_9' title='bbox 76 517 221 586; x_wconf 78' lang='lat' dir='ltr'><strong>veniunt3</strong></span> <span class='ocrx_word' id='word_1_10' title='bbox 245 521 351 577; x_wconf 87' lang='lat' dir='ltr'><strong>sistunt</strong></span> <span class='ocrx_word' id='word_1_11' title='bbox 365 518 433 577; x_wconf 67' lang='lat' dir='ltr'><strong>inde}</strong></span> <span class='ocrx_word' id='word_1_12' title='bbox 447 522 607 611; x_wconf 79' lang='lat' dir='ltr'><strong>gradum&#39;</strong></span> <span class='ocrx_word' id='word_1_13' title='bbox 587 540 647 579; x_wconf 89' lang='lat' dir='ltr'><strong>sme</strong></span> <span class='ocrx_word' id='word_1_14' title='bbox 657 524 769 582; x_wconf 87' lang='lat' dir='ltr'><strong>ullius</strong></span> <span class='ocrx_word' id='word_1_15' title='bbox 761 542 817 581; x_wconf 87' lang='grc' dir='ltr'>ιιιι-</span> 
     </span>
     <span class='ocr_line' id='line_1_4' title="bbox 75 595 818 673; baseline 0.013 -25"><span class='ocrx_word' id='word_1_16' title='bbox 75 595 171 665; x_wconf 79' lang='lat' dir='ltr'><strong>perio,</strong></span> <span class='ocrx_word' id='word_1_17' title='bbox 181 610 338 673; x_wconf 77' lang='lat' dir='ltr'>stuporque</span> <span class='ocrx_word' id='word_1_18' title='bbox 347 599 479 656; x_wconf 89' lang='lat' dir='ltr'><strong>omnium</strong></span> <span class='ocrx_word' id='word_1_19' title='bbox 491 600 613 668; x_wconf 84' lang='lat' dir='ltr'><strong>animos,</strong></span> <span class='ocrx_word' id='word_1_20' title='bbox 624 618 657 657; x_wconf 86' lang='lat' dir='ltr'><strong>ac</strong></span> <span class='ocrx_word' id='word_1_21' title='bbox 667 605 746 660; x_wconf 84' lang='lat' dir='ltr'><strong>velut</strong></span> <span class='ocrx_word' id='word_1_22' title='bbox 759 614 818 659; x_wconf 80' lang='lat' dir='ltr'><strong>tor-</strong></span> 
     </span>
     <span class='ocr_line' id='line_1_5' title="bbox 75 674 817 748; baseline 0.012 -20"><span class='ocrx_word' id='word_1_23' title='bbox 75 688 135 745; x_wconf 85' lang='lat' dir='ltr'><strong>por</strong></span> <span class='ocrx_word' id='word_1_24' title='bbox 148 674 270 748; x_wconf 90' lang='lat' dir='ltr'><strong>quidam</strong></span> <span class='ocrx_word' id='word_1_25' title='bbox 281 675 417 734; x_wconf 89' lang='lat' dir='ltr'><strong>insolitus</strong></span> <span class='ocrx_word' id='word_1_26' title='bbox 431 678 566 733; x_wconf 83' lang='lat' dir='ltr'><strong>membra</strong></span> <span class='ocrx_word' id='word_1_27' title='bbox 586 688 684 735; x_wconf 83' lang='lat' dir='ltr'><strong>tenet:</strong></span> <span class='ocrx_word' id='word_1_28' title='bbox 704 681 817 739; x_wconf 82' lang='lat' dir='ltr'><strong>intu&#39;en-</strong></span> 
     </span>
     <span class='ocr_line' id='line_1_6' title="bbox 74 756 818 839; baseline 0.015 -34"><span class='ocrx_word' id='word_1_29' title='bbox 74 759 185 839; x_wconf 83' lang='lat' dir='ltr'><strong>tesque</strong></span> <span class='ocrx_word' id='word_1_30' title='bbox 199 756 248 811; x_wconf 84' lang='lat' dir='ltr'><strong>alii</strong></span> <span class='ocrx_word' id='word_1_31' title='bbox 261 756 336 811; x_wconf 85' lang='lat' dir='ltr'><strong>alios</strong></span> <span class='ocrx_word' id='word_1_32' title='bbox 348 756 456 831; x_wconf 76' lang='lat' dir='ltr'><strong>(quum</strong></span> <span class='ocrx_word' id='word_1_33' title='bbox 469 759 594 813; x_wconf 83' lang='lat' dir='ltr'><strong>alterum</strong></span> <span class='ocrx_word' id='word_1_34' title='bbox 621 758 743 831; x_wconf 85' lang='lat' dir='ltr'><strong>quisque</strong></span> <span class='ocrx_word' id='word_1_35' title='bbox 756 779 818 816; x_wconf 88' lang='lat' dir='ltr'><strong>ma·</strong></span> 
     </span>
     <span class='ocr_line' id='line_1_7' title="bbox 75 826 816 925; baseline 0.012 -41"><span class='ocrx_word' id='word_1_36' title='bbox 75 826 126 903; x_wconf 89' lang='lat' dir='ltr'><strong>gis</strong></span> <span class='ocrx_word' id='word_1_37' title='bbox 148 833 256 889; x_wconf 87' lang='lat' dir='ltr'><strong>mentis</strong></span> <span class='ocrx_word' id='word_1_38' title='bbox 279 845 445 907; x_wconf 85' lang='lat' dir='ltr'><strong>compotem</strong></span> <span class='ocrx_word' id='word_1_39' title='bbox 466 852 500 889; x_wconf 86' lang='lat' dir='ltr'><strong>ac</strong></span> <span class='ocrx_word' id='word_1_40' title='bbox 523 834 638 890; x_wconf 85' lang='lat' dir='ltr'><strong>consilii</strong></span> <span class='ocrx_word' id='word_1_41' title='bbox 663 836 816 925; x_wconf 82' lang='lat' dir='ltr'><strong>ducerent)</strong></span> 
     </span>
     <span class='ocr_line' id='line_1_8' title="bbox 74 905 817 987; baseline 0.012 -25"><span class='ocrx_word' id='word_1_42' title='bbox 74 905 130 963; x_wconf 78' lang='lat' dir='ltr'><strong>diu</strong></span> <span class='ocrx_word' id='word_1_43' title='bbox 144 908 314 967; x_wconf 80' lang='lat' dir='ltr'>immobiles</span> <span class='ocrx_word' id='word_1_44' title='bbox 339 912 432 969; x_wconf 87' lang='lat' dir='ltr'><strong>silent</strong></span> <span class='ocrx_word' id='word_1_45' title='bbox 450 911 583 980; x_wconf 67' lang='lat' dir='ltr'><strong>Deinde,</strong></span> <span class='ocrx_word' id='word_1_46' title='bbox 612 912 660 968; x_wconf 89' lang='lat' dir='ltr'><strong>ubi</strong></span> <span class='ocrx_word' id='word_1_47' title='bbox 680 914 817 987; x_wconf 81' lang='lat' dir='ltr'><strong>praetoria</strong></span> 
     </span>
     <span class='ocr_line' id='line_1_9' title="bbox 76 987 818 1065; baseline 0.007 -22"><span class='ocrx_word' id='word_1_48' title='bbox 76 987 246 1045; x_wconf 86' lang='lat' dir='ltr'><strong>Consulum</strong></span> <span class='ocrx_word' id='word_1_49' title='bbox 259 988 333 1063; x_wconf 84' lang='lat' dir='ltr'><strong>erigi</strong></span> <span class='ocrx_word' id='word_1_50' title='bbox 356 988 465 1060; x_wconf 77' lang='lat' dir='ltr'><strong>videre,</strong></span> <span class='ocrx_word' id='word_1_51' title='bbox 479 1002 508 1047; x_wconf 86' lang='lat' dir='ltr'><strong>et</strong></span> <span class='ocrx_word' id='word_1_52' title='bbox 521 990 661 1065; x_wconf 82' lang='lat' dir='ltr'><strong>expedire</strong></span> <span class='ocrx_word' id='word_1_53' title='bbox 674 993 818 1065; x_wconf 83' lang='lat' dir='ltr'><strong>quosdam</strong></span> 
     </span>
     <span class='ocr_line' id='line_1_10' title="bbox 75 1064 819 1141; baseline 0.007 -20"><span class='ocrx_word' id='word_1_54' title='bbox 75 1064 162 1122; x_wconf 86' lang='lat' dir='ltr'><strong>utilia</strong></span> <span class='ocrx_word' id='word_1_55' title='bbox 175 1066 266 1141; x_wconf 82' lang='lat' dir='ltr'><strong>operi,</strong></span> <span class='ocrx_word' id='word_1_56' title='bbox 278 1068 458 1141; x_wconf 83' lang='lat' dir='ltr'><strong>quamquam</strong></span> <span class='ocrx_word' id='word_1_57' title='bbox 475 1068 575 1126; x_wconf 76' lang='lat' dir='ltr'><strong>ludtbt</strong></span> <span class='ocrx_word' id='word_1_58' title='bbox 569 1087 596 1125; x_wconf 91' lang='grc' dir='ltr'><strong>ιο</strong></span> <span class='ocrx_word' id='word_1_59' title='bbox 610 1068 672 1125; x_wconf 84' lang='lat' dir='ltr'><strong>fore</strong></span> <span class='ocrx_word' id='word_1_60' title='bbox 686 1069 819 1127; x_wconf 86' lang='lat' dir='ltr'><strong>munien-</strong></span> 
     </span>
     <span class='ocr_line' id='line_1_11' title="bbox 75 1144 820 1221; baseline 0.008 -22"><span class='ocrx_word' id='word_1_61' title='bbox 75 1153 125 1199; x_wconf 87' lang='lat' dir='ltr'><strong>tes</strong></span> <span class='ocrx_word' id='word_1_62' title='bbox 138 1144 260 1216; x_wconf 87' lang='lat' dir='ltr'><strong>perditis</strong></span> <span class='ocrx_word' id='word_1_63' title='bbox 273 1147 360 1202; x_wconf 87' lang='lat' dir='ltr'><strong>rebus</strong></span> <span class='ocrx_word' id='word_1_64' title='bbox 372 1164 406 1201; x_wconf 86' lang='lat' dir='ltr'><strong>ac</strong></span> <span class='ocrx_word' id='word_1_65' title='bbox 419 1162 470 1219; x_wconf 86' lang='lat' dir='ltr'><strong>spe</strong></span> <span class='ocrx_word' id='word_1_66' title='bbox 482 1165 562 1203; x_wconf 91' lang='lat' dir='ltr'><strong>omm</strong></span> <span class='ocrx_word' id='word_1_67' title='bbox 554 1147 707 1221; x_wconf 82' lang='lat' dir='ltr'><strong>adempta</strong></span> <span class='ocrx_word' id='word_1_68' title='bbox 719 1166 820 1205; x_wconf 85' lang='lat' dir='ltr'><strong>cerne·</strong></span> 
     </span>
     <span class='ocr_line' id='line_1_12' title="bbox 74 1222 819 1301; baseline 0.007 -23"><span class='ocrx_word' id='word_1_69' title='bbox 74 1222 170 1289; x_wconf 87' lang='lat' dir='ltr'><strong>bant;</strong></span> <span class='ocrx_word' id='word_1_70' title='bbox 191 1233 290 1280; x_wconf 89' lang='lat' dir='ltr'><strong>tamen</strong></span> <span class='ocrx_word' id='word_1_71' title='bbox 308 1241 345 1280; x_wconf 89' lang='lat' dir='ltr'><strong>ne</strong></span> <span class='ocrx_word' id='word_1_72' title='bbox 359 1227 476 1299; x_wconf 85' lang='lat' dir='ltr'><strong>culpam</strong></span> <span class='ocrx_word' id='word_1_73' title='bbox 501 1226 586 1282; x_wconf 88' lang='lat' dir='ltr'><strong>malis</strong></span> <span class='ocrx_word' id='word_1_74' title='bbox 598 1226 743 1293; x_wconf 81' lang='lat' dir='ltr'><strong>adderent,</strong></span> <span class='ocrx_word' id='word_1_75' title='bbox 765 1244 819 1301; x_wconf 87' lang='lat' dir='ltr'><strong>pro</strong></span> 
     </span>
     <span class='ocr_line' id='line_1_13' title="bbox 78 1299 820 1379; baseline 0.007 -23"><span class='ocrx_word' id='word_1_76' title='bbox 78 1319 111 1357; x_wconf 87' lang='lat' dir='ltr'><strong>se</strong></span> <span class='ocrx_word' id='word_1_77' title='bbox 126 1299 263 1375; x_wconf 87' lang='lat' dir='ltr'><strong>quisque,</strong></span> <span class='ocrx_word' id='word_1_78' title='bbox 275 1319 331 1357; x_wconf 89' lang='lat' dir='ltr'><strong>nec</strong></span> <span class='ocrx_word' id='word_1_79' title='bbox 345 1302 479 1359; x_wconf 83' lang='lat' dir='ltr'><strong>hortante</strong></span> <span class='ocrx_word' id='word_1_80' title='bbox 493 1305 556 1361; x_wconf 90' lang='lat' dir='ltr'><strong>ullo</strong></span> <span class='ocrx_word' id='word_1_81' title='bbox 578 1321 633 1361; x_wconf 87' lang='lat' dir='ltr'><strong>nec</strong></span> <span class='ocrx_word' id='word_1_82' title='bbox 646 1305 820 1379; x_wconf 83' lang='lat' dir='ltr'>imperante,</span> 
     </span>
     <span class='ocr_line' id='line_1_14' title="bbox 74 1380 817 1456; baseline 0.005 -21"><span class='ocrx_word' id='word_1_83' title='bbox 74 1382 113 1437; x_wconf 85' lang='lat' dir='ltr'><strong>ad</strong></span> <span class='ocrx_word' id='word_1_84' title='bbox 126 1380 319 1436; x_wconf 91' lang='lat' dir='ltr'><strong>muniendum</strong></span> <span class='ocrx_word' id='word_1_85' title='bbox 341 1382 426 1445; x_wconf 85' lang='lat' dir='ltr'><strong>versi,</strong></span> <span class='ocrx_word' id='word_1_86' title='bbox 449 1394 545 1454; x_wconf 80' lang='lat' dir='ltr'><strong>castra</strong></span> <span class='ocrx_word' id='word_1_87' title='bbox 567 1394 687 1456; x_wconf 84' lang='lat' dir='ltr'><strong>propter</strong></span> <span class='ocrx_word' id='word_1_88' title='bbox 710 1399 817 1456; x_wconf 88' lang='lat' dir='ltr'><strong>aquam</strong></span> 
     </span>
     <span class='ocr_line' id='line_1_15' title="bbox 74 1457 816 1535; baseline 0.003 -20"><span class='ocrx_word' id='word_1_89' title='bbox 74 1457 191 1515; x_wconf 84' lang='lat' dir='ltr'><strong>vallo</strong></span> <span class='ocrx_word' id='word_1_90' title='bbox 167 1476 210 1513; x_wconf 90' lang='lat' dir='ltr'><strong>cn</strong></span> <span class='ocrx_word' id='word_1_91' title='bbox 211 1460 371 1522; x_wconf 79' lang='lat' dir='ltr'><strong>comdant</strong></span> <span class='ocrx_word' id='word_1_92' title='bbox 389 1478 442 1518; x_wconf 81' lang='lat' dir='ltr'><strong>sua</strong></span> <span class='ocrx_word' id='word_1_93' title='bbox 452 1460 509 1535; x_wconf 76' lang='lat' dir='ltr'><strong>ipsi</strong></span> <span class='ocrx_word' id='word_1_94' title='bbox 520 1478 617 1534; x_wconf 86' lang='lat' dir='ltr'><strong>opera,</strong></span> <span class='ocrx_word' id='word_1_95' title='bbox 628 1462 755 1517; x_wconf 78' lang='lat' dir='ltr'><strong>laborem</strong></span> <span class='ocrx_word' id='word_1_96' title='bbox 760 1479 816 1533; x_wconf 60' lang='lat' dir='ltr'><strong>tue</strong></span> 
     </span>
     <span class='ocr_line' id='line_1_16' title="bbox 75 1535 818 1627; baseline 0.006 -37"><span class='ocrx_word' id='word_1_97' title='bbox 75 1536 143 1593; x_wconf 84' lang='grc' dir='ltr'>ιιιιι</span> <span class='ocrx_word' id='word_1_98' title='bbox 145 1552 198 1591; x_wconf 94' lang='lat' dir='ltr'><strong>um</strong></span> <span class='ocrx_word' id='word_1_99' title='bbox 216 1535 428 1627; x_wconf 75' lang='lat' dir='ltr'><strong>(praeterquam</strong></span> <span class='ocrx_word' id='word_1_100' title='bbox 442 1540 520 1611; x_wconf 91' lang='lat' dir='ltr'><strong>quod</strong></span> <span class='ocrx_word' id='word_1_101' title='bbox 532 1540 631 1595; x_wconf 83' lang='lat' dir='ltr'><strong>hostes</strong></span> <span class='ocrx_word' id='word_1_102' title='bbox 641 1538 780 1613; x_wconf 86' lang='lat' dir='ltr'><strong>superbe</strong></span> <span class='ocrx_word' id='word_1_103' title='bbox 773 1556 818 1596; x_wconf 93' lang='lat' dir='ltr'>m</span> 
     </span>
     <span class='ocr_line' id='line_1_17' title="bbox 77 1614 817 1688; baseline 0.006 -19"><span class='ocrx_word' id='word_1_104' title='bbox 77 1614 247 1688; x_wconf 78' lang='lat' dir='ltr'><strong>mepabant)</strong></span> <span class='ocrx_word' id='word_1_105' title='bbox 262 1632 330 1671; x_wconf 88' lang='lat' dir='ltr'><strong>cum</strong></span> <span class='ocrx_word' id='word_1_106' title='bbox 339 1614 498 1673; x_wconf 81' lang='lat' dir='ltr'>miserabili</span> <span class='ocrx_word' id='word_1_107' title='bbox 507 1615 687 1673; x_wconf 81' lang='lat' dir='ltr'><strong>confessione</strong></span> <span class='ocrx_word' id='word_1_108' title='bbox 697 1620 817 1674; x_wconf 89' lang='lat' dir='ltr'><strong>eluden-</strong></span> 
     </span>
     <span class='ocr_line' id='line_1_18' title="bbox 77 1694 817 1768; baseline 0.003 -20"><span class='ocrx_word' id='word_1_109' title='bbox 77 1703 133 1748; x_wconf 87' lang='lat' dir='ltr'><strong>tes.</strong></span> <span class='ocrx_word' id='word_1_110' title='bbox 154 1694 202 1751; x_wconf 81' lang='lat' dir='ltr'><strong>Atl</strong></span> <span class='ocrx_word' id='word_1_111' title='bbox 216 1694 497 1760; x_wconf 87' lang='lat' dir='ltr'><strong>Consulesmoestos,</strong></span> <span class='ocrx_word' id='word_1_112' title='bbox 516 1712 553 1749; x_wconf 91' lang='lat' dir='ltr'><strong>ne</strong></span> <span class='ocrx_word' id='word_1_113' title='bbox 567 1694 739 1750; x_wconf 84' lang='lat' dir='ltr'><strong>advocantes</strong></span> <span class='ocrx_word' id='word_1_114' title='bbox 747 1713 817 1768; x_wconf 42' lang='lat' dir='ltr'><strong>‘qut-</strong></span> 
     </span>
     <span class='ocr_line' id='line_1_19' title="bbox 77 1768 816 1846; baseline 0.001 -19"><span class='ocrx_word' id='word_1_115' title='bbox 77 1771 177 1827; x_wconf 90' lang='lat' dir='ltr'><strong>dem</strong></span> <span class='ocrx_word' id='word_1_116' title='bbox 169 1790 198 1828; x_wconf 91' lang='lat' dir='ltr'><strong>m</strong></span> <span class='ocrx_word' id='word_1_117' title='bbox 221 1768 376 1828; x_wconf 82' lang='lat' dir='ltr'><strong>consilium</strong></span> <span class='ocrx_word' id='word_1_118' title='bbox 390 1770 519 1846; x_wconf 81' lang='lat' dir='ltr'><strong>(quando</strong></span> <span class='ocrx_word' id='word_1_119' title='bbox 538 1789 592 1829; x_wconf 85' lang='lat' dir='ltr'><strong>nec</strong></span> <span class='ocrx_word' id='word_1_120' title='bbox 619 1770 749 1840; x_wconf 78' lang='lat' dir='ltr'><strong>consilio,</strong></span> <span class='ocrx_word' id='word_1_121' title='bbox 761 1790 816 1828; x_wconf 87' lang='lat' dir='ltr'><strong>nec</strong></span> 
     </span>
     <span class='ocr_line' id='line_1_20' title="bbox 76 1848 822 1931; baseline -0.001 -25"><span class='ocrx_word' id='word_1_122' title='bbox 76 1850 189 1907; x_wconf 84' lang='lat' dir='ltr'><strong>auxilio</strong></span> <span class='ocrx_word' id='word_1_123' title='bbox 199 1851 283 1905; x_wconf 88' lang='lat' dir='ltr'><strong>locus</strong></span> <span class='ocrx_word' id='word_1_124' title='bbox 303 1848 393 1924; x_wconf 90' lang='lat' dir='ltr'><strong>esset)</strong></span> <span class='ocrx_word' id='word_1_125' title='bbox 407 1851 460 1904; x_wconf 67' lang='lat' dir='ltr'><strong>sua</strong></span> <span class='ocrx_word' id='word_1_126' title='bbox 475 1853 577 1923; x_wconf 87' lang='lat' dir='ltr'><strong>sponte</strong></span> <span class='ocrx_word' id='word_1_127' title='bbox 590 1848 676 1931; x_wconf 83' lang='lat' dir='ltr'><strong>legat</strong></span> <span class='ocrx_word' id='word_1_128' title='bbox 669 1866 689 1917; x_wconf 86' lang='lat'><strong>1,</strong></span> <span class='ocrx_word' id='word_1_129' title='bbox 701 1867 735 1905; x_wconf 88' lang='lat' dir='ltr'><strong>ac</strong></span> <span class='ocrx_word' id='word_1_130' title='bbox 750 1851 817 1907; x_wconf 84' lang='lat' dir='ltr'><strong>Tri·</strong></span> <span class='ocrx_word' id='word_1_131' title='bbox 820 1898 822 1905; x_wconf 89' lang='grc'><em>,</em></span> 
     </span>
     <span class='ocr_line' id='line_1_21' title="bbox 76 1926 815 2016; baseline 0.005 -33"><span class='ocrx_word' id='word_1_132' title='bbox 76 1928 145 1986; x_wconf 88' lang='lat' dir='ltr'><strong>buni</strong></span> <span class='ocrx_word' id='word_1_133' title='bbox 167 1926 369 1985; x_wconf 85' lang='lat' dir='ltr'><strong>conveniunt:</strong></span> <span class='ocrx_word' id='word_1_134' title='bbox 404 1926 605 2016; x_wconf 80' lang='lat' dir='ltr'><strong>militesque&#39;</strong></span> <span class='ocrx_word' id='word_1_135' title='bbox 597 1945 627 1983; x_wconf 91' lang='lat' dir='ltr'>m</span> <span class='ocrx_word' id='word_1_136' title='bbox 649 1927 815 2002; x_wconf 78' lang='lat' dir='ltr'><strong>praetorium</strong></span> 
     </span>
     <span class='ocr_line' id='line_1_22' title="bbox 78 2003 814 2080; baseline 0.004 -18"><span class='ocrx_word' id='word_1_137' title='bbox 78 2008 163 2075; x_wconf 85' lang='lat' dir='ltr'><strong>versi,</strong></span> <span class='ocrx_word' id='word_1_138' title='bbox 183 2024 281 2080; x_wconf 81' lang='lat' dir='ltr'><strong>opem,</strong></span> <span class='ocrx_word' id='word_1_139' title='bbox 300 2024 388 2080; x_wconf 88' lang='lat' dir='ltr'><strong>quam</strong></span> <span class='ocrx_word' id='word_1_140' title='bbox 411 2003 461 2061; x_wconf 86' lang='lat' dir='ltr'><strong>vix</strong></span> <span class='ocrx_word' id='word_1_141' title='bbox 482 2003 553 2063; x_wconf 92' lang='lat' dir='ltr'><strong>Dn</strong></span> <span class='ocrx_word' id='word_1_142' title='bbox 545 2016 666 2062; x_wconf 85' lang='lat' dir='ltr'><strong>1mmor</strong></span> <span class='ocrx_word' id='word_1_143' title='bbox 655 2009 725 2063; x_wconf 88' lang='lat' dir='ltr'><strong>ales</strong></span> <span class='ocrx_word' id='word_1_144' title='bbox 739 2006 814 2065; x_wconf 82' lang='lat' dir='ltr'><strong>ferre</strong></span> 
     </span>
     <span class='ocr_line' id='line_1_23' title="bbox 77 2082 585 2158; baseline -0.002 -17"><span class='ocrx_word' id='word_1_145' title='bbox 77 2095 218 2158; x_wconf 81' lang='lat' dir='ltr'><strong>poterant,</strong></span> <span class='ocrx_word' id='word_1_146' title='bbox 234 2086 276 2143; x_wconf 87' lang='lat' dir='ltr'><strong>ab</strong></span> <span class='ocrx_word' id='word_1_147' title='bbox 281 2082 404 2141; x_wconf 85' lang='lat' dir='ltr'><strong>ducibus</strong></span> <span class='ocrx_word' id='word_1_148' title='bbox 417 2094 585 2156; x_wconf 82' lang='lat' dir='ltr'><strong>exposcunt.</strong></span> 
     </span>
    </p>

    <p class='ocr_par' dir='ltr' id='par_1_3' title="bbox 78 2161 821 2867">
     <span class='ocr_line' id='line_1_24' title="bbox 116 2161 812 2257; baseline 0 -34"><span class='ocrx_word' id='word_1_149' title='bbox 116 2167 282 2235; x_wconf 87' lang='lat' dir='ltr'><strong>Querentes</strong></span> <span class='ocrx_word' id='word_1_150' title='bbox 302 2162 399 2257; x_wconf 86' lang='lat' dir='ltr'><strong>magis</strong></span> <span class='ocrx_word' id='word_1_151' title='bbox 425 2161 514 2236; x_wconf 85' lang='lat' dir='ltr'><strong>quam</strong></span> <span class='ocrx_word' id='word_1_152' title='bbox 535 2162 729 2223; x_wconf 81' lang='lat' dir='ltr'><strong>consultantes</strong></span> <span class='ocrx_word' id='word_1_153' title='bbox 753 2184 812 2223; x_wconf 75' lang='lat' dir='ltr'><strong>nox</strong></span> 
     </span>
     <span class='ocr_line' id='line_1_25' title="bbox 75 2241 813 2331; baseline 0.004 -32.017"><span class='ocrx_word' id='word_1_154' title='bbox 75 2242 237 2315; x_wconf 79' lang='lat' dir='ltr'><strong>oppressit3</strong></span> <span class='ocrx_word' id='word_1_155' title='bbox 258 2259 351 2314; x_wconf 91' lang='lat' dir='ltr'><strong>quum</strong></span> <span class='ocrx_word' id='word_1_156' title='bbox 364 2259 419 2315; x_wconf 81' lang='lat' dir='ltr'><strong>pro</strong></span> <span class='ocrx_word' id='word_1_157' title='bbox 436 2241 555 2331; x_wconf 75' lang='lat' dir='ltr'><strong>ingenio</strong></span> <span class='ocrx_word' id='word_1_158' title='bbox 569 2242 693 2315; x_wconf 85' lang='lat' dir='ltr'><strong>quisque</strong></span> <span class='ocrx_word' id='word_1_159' title='bbox 708 2242 813 2301; x_wconf 82' lang='lat' dir='ltr'><strong>freme-</strong></span> 
     </span>
     <span class='ocr_line' id='line_1_26' title="bbox 81 2318 813 2393; baseline 0.006 -18"><span class='ocrx_word' id='word_1_160' title='bbox 81 2331 156 2385; x_wconf 84' lang='lat' dir='ltr'><strong>rent,</strong></span> <span class='ocrx_word' id='word_1_161' title='bbox 176 2320 257 2384; x_wconf 74' lang='lat' dir='ltr'><strong>alluS,</strong></span> <span class='ocrx_word' id='word_1_162' title='bbox 276 2337 329 2392; x_wconf 84' lang='lat' dir='ltr'><strong>per</strong></span> <span class='ocrx_word' id='word_1_163' title='bbox 341 2319 437 2375; x_wconf 82' lang='lat' dir='ltr'><strong>obices</strong></span> <span class='ocrx_word' id='word_1_164' title='bbox 455 2320 592 2376; x_wconf 77' lang='lat' dir='ltr'><strong>viarum:</strong></span> <span class='ocrx_word' id='word_1_165' title='bbox 613 2318 687 2376; x_wconf 83' lang='lat' dir='ltr'><strong>alius</strong></span> <span class='ocrx_word' id='word_1_166' title='bbox 699 2336 753 2393; x_wconf 84' lang='lat' dir='ltr'><strong>pet</strong></span> <span class='ocrx_word' id='word_1_167' title='bbox 766 2326 813 2379; x_wconf 86' lang='lat' dir='ltr'><strong>ad-</strong></span> 
     </span>
     <span class='ocr_line' id='line_1_27' title="bbox 80 2394 814 2473; baseline 0.004 -19"><span class='ocrx_word' id='word_1_168' title='bbox 80 2416 166 2455; x_wconf 80' lang='lat' dir='ltr'><strong>versa</strong></span> <span class='ocrx_word' id='word_1_169' title='bbox 176 2396 331 2465; x_wconf 90' lang='lat' dir='ltr'><strong>montium,</strong></span> <span class='ocrx_word' id='word_1_170' title='bbox 342 2414 396 2469; x_wconf 84' lang='lat' dir='ltr'><strong>pet·</strong></span> <span class='ocrx_word' id='word_1_171' title='bbox 409 2398 514 2469; x_wconf 84' lang='lat' dir='ltr'><strong>sylvas,</strong></span> <span class='ocrx_word' id='word_1_172' title='bbox 524 2416 583 2471; x_wconf 88' lang='lat' dir='ltr'><strong>qua</strong></span> <span class='ocrx_word' id='word_1_173' title='bbox 571 2394 661 2453; x_wconf 77' lang='lat' dir='ltr'><strong>ferri</strong></span> <span class='ocrx_word' id='word_1_174' title='bbox 670 2416 753 2457; x_wconf 82' lang='lat' dir='ltr'><strong>arma</strong></span> <span class='ocrx_word' id='word_1_175' title='bbox 764 2417 814 2473; x_wconf 89' lang='lat' dir='ltr'><strong>po·</strong></span> 
     </span>
     <span class='ocr_line' id='line_1_28' title="bbox 78 2475 816 2548; baseline -0.001 -15"><span class='ocrx_word' id='word_1_176' title='bbox 78 2488 191 2544; x_wconf 85' lang='lat' dir='ltr'><strong>terunt,</strong></span> <span class='ocrx_word' id='word_1_177' title='bbox 204 2492 315 2531; x_wconf 86' lang='lat' dir='ltr'><strong>eamus.</strong></span> <span class='ocrx_word' id='word_1_178' title='bbox 338 2475 429 2533; x_wconf 78' lang='lat' dir='ltr'><strong>Modo</strong></span> <span class='ocrx_word' id='word_1_179' title='bbox 442 2478 478 2532; x_wconf 88' lang='lat' dir='ltr'><strong>ad</strong></span> <span class='ocrx_word' id='word_1_180' title='bbox 491 2478 605 2531; x_wconf 86' lang='lat' dir='ltr'><strong>hostem</strong></span> <span class='ocrx_word' id='word_1_181' title='bbox 619 2478 768 2548; x_wconf 77' lang='lat' dir='ltr'><strong>pervenire</strong></span> <span class='ocrx_word' id='word_1_182' title='bbox 780 2480 816 2538; x_wconf 88' lang='lat' dir='ltr'><strong>li-</strong></span> 
     </span>
     <span class='ocr_line' id='line_1_29' title="bbox 80 2550 814 2643; baseline 0 -29"><span class='ocrx_word' id='word_1_183' title='bbox 80 2567 152 2624; x_wconf 86' lang='lat' dir='ltr'><strong>ceat,</strong></span> <span class='ocrx_word' id='word_1_184' title='bbox 163 2571 252 2643; x_wconf 85' lang='lat' dir='ltr'><strong>quem</strong></span> <span class='ocrx_word' id='word_1_185' title='bbox 267 2571 320 2626; x_wconf 82' lang='lat' dir='ltr'><strong>per</strong></span> <span class='ocrx_word' id='word_1_186' title='bbox 332 2571 422 2611; x_wconf 87' lang='lat' dir='ltr'><strong>annos</strong></span> <span class='ocrx_word' id='word_1_187' title='bbox 432 2552 495 2629; x_wconf 87' lang='lat' dir='ltr'><strong>jam</strong></span> <span class='ocrx_word' id='word_1_188' title='bbox 508 2550 598 2628; x_wconf 68' lang='lat' dir='ltr'><strong>prope</strong></span> <span class='ocrx_word' id='word_1_189' title='bbox 611 2552 728 2628; x_wconf 79' lang='lat' dir='ltr'><strong>triginta</strong></span> <span class='ocrx_word' id='word_1_190' title='bbox 742 2555 814 2614; x_wconf 85' lang='lat' dir='ltr'><strong>vici·</strong></span> 
     </span>
     <span class='ocr_line' id='line_1_30' title="bbox 80 2630 814 2711; baseline -0.01 -19"><span class='ocrx_word' id='word_1_191' title='bbox 80 2654 110 2692; x_wconf 88' lang='lat' dir='ltr'>m</span> <span class='ocrx_word' id='word_1_192' title='bbox 113 2654 156 2702; x_wconf 88' lang='lat' dir='ltr'><strong>us,</strong></span> <span class='ocrx_word' id='word_1_193' title='bbox 169 2632 269 2689; x_wconf 88' lang='lat' dir='ltr'><strong>omnia</strong></span> <span class='ocrx_word' id='word_1_194' title='bbox 282 2650 368 2705; x_wconf 82' lang='lat' dir='ltr'><strong>aequa</strong></span> <span class='ocrx_word' id='word_1_195' title='bbox 381 2651 414 2689; x_wconf 88' lang='lat' dir='ltr'><strong>ac</strong></span> <span class='ocrx_word' id='word_1_196' title='bbox 425 2638 510 2706; x_wconf 89' lang='lat' dir='ltr'><strong>plana</strong></span> <span class='ocrx_word' id='word_1_197' title='bbox 529 2640 614 2711; x_wconf 79' lang='lat' dir='ltr'><strong>erunt</strong></span> <span class='ocrx_word' id='word_1_198' title='bbox 628 2630 791 2699; x_wconf 85' lang='lat' dir='ltr'><strong>Romano,</strong></span> <span class='ocrx_word' id='word_1_199' title='bbox 783 2648 814 2686; x_wconf 92' lang='lat' dir='ltr'>m</span> 
     </span>
     <span class='ocr_line' id='line_1_31' title="bbox 81 2706 814 2809; baseline -0.012 -39"><span class='ocrx_word' id='word_1_200' title='bbox 81 2714 227 2809; x_wconf 81' lang='lat' dir='ltr'><strong>perfidum</strong></span> <span class='ocrx_word' id='word_1_201' title='bbox 253 2712 415 2770; x_wconf 84' lang='lat' dir='ltr'><strong>Samnitem</strong></span> <span class='ocrx_word' id='word_1_202' title='bbox 435 2709 600 2785; x_wconf 81' lang='lat' dir='ltr'><strong>pugnantl;</strong></span> <span class='ocrx_word' id='word_1_203' title='bbox 630 2706 713 2775; x_wconf 87' lang='lat' dir='ltr'><strong>alins,</strong></span> <span class='ocrx_word' id='word_1_204' title='bbox 735 2706 814 2775; x_wconf 79' lang='lat' dir='ltr'><strong>Quo,</strong></span> 
     </span>
     <span class='ocr_line' id='line_1_32' title="bbox 82 2783 821 2876; baseline -0.012 -26"><span class='ocrx_word' id='word_1_205' title='bbox 82 2802 129 2851; x_wconf 89' lang='lat' dir='ltr'><strong>aut</strong></span> <span class='ocrx_word' id='word_1_206' title='bbox 142 2788 333 2876; x_wconf 74' lang='lat' dir='ltr'><strong>quaeamus?</strong></span> <span class='ocrx_word' id='word_1_207' title='bbox 347 2787 432 2846; x_wconf 76' lang='lat' dir='ltr'><strong>Num</strong></span> <span class='ocrx_word' id='word_1_208' title='bbox 445 2799 561 2856; x_wconf 79' lang='lat' dir='ltr'><strong>montes</strong></span> <span class='ocrx_word' id='word_1_209' title='bbox 571 2783 670 2842; x_wconf 80' lang='lat' dir='ltr'><strong>moliri</strong></span> <span class='ocrx_word' id='word_1_210' title='bbox 680 2786 747 2840; x_wconf 83' lang='lat' dir='ltr'><strong>sede</strong></span> <span class='ocrx_word' id='word_1_211' title='bbox 762 2788 821 2842; x_wconf 76' lang='grc' dir='ltr'>ιιιιι</span> 
     </span>
    </p>
   </div>
   <div class='ocr_carea' id='block_1_3' title="bbox 0 0 948 3267">
    <p class='ocr_par' dir='ltr' id='par_1_4' title="bbox 0 0 948 3267">
     <span class='ocr_line' id='line_1_33' title="bbox 0 0 948 3267; baseline 0 0"><span class='ocrx_word' id='word_1_212' title='bbox 0 0 948 3267; x_wconf 95' lang='lat' dir='ltr'><strong> </strong></span> 
     </span>
    </p>
   </div>
  </div>
 </body>
</html>
