<?xml version="1.0" encoding="UTF-8"?>
<!DOCTYPE html PUBLIC "-//W3C//DTD XHTML 1.0 Transitional//EN"
    "http://www.w3.org/TR/xhtml1/DTD/xhtml1-transitional.dtd">
<html xmlns="http://www.w3.org/1999/xhtml" xml:lang="en" lang="en">
 <head>
  <title>
</title>
<meta http-equiv="Content-Type" content="text/html;charset=utf-8" />
  <meta name='ocr-system' content='tesseract 3.04.00' />
  <meta name='ocr-capabilities' content='ocr_page ocr_carea ocr_par ocr_line ocrx_word'/>
</head>
<body>
  <div class='ocr_page' id='page_1' title='image "./narrationesexce00watsgoog_0184.png"; bbox 0 0 1875 3267; ppageno 0'>
   <div class='ocr_carea' id='block_1_1' title="bbox 413 227 473 294">
    <p class='ocr_par' dir='ltr' id='par_1_1' title="bbox 413 227 473 294">
     <span class='ocr_line' id='line_1_1' title="bbox 413 227 473 294; baseline 0.033 -15"><span class='ocrx_word' id='word_1_1' title='bbox 413 227 473 294; x_wconf 75' lang='lat'><strong>183</strong></span> 
     </span>
    </p>
   </div>
   <div class='ocr_carea' id='block_1_2' title="bbox 65 368 820 881">
    <p class='ocr_par' dir='ltr' id='par_1_2' title="bbox 65 368 820 881">
     <span class='ocr_line' id='line_1_2' title="bbox 67 368 820 433; baseline 0.003 -18"><span class='ocrx_word' id='word_1_2' title='bbox 67 381 133 431; x_wconf 85' lang='lat' dir='ltr'><strong>my.</strong></span> <span class='ocrx_word' id='word_1_3' title='bbox 167 369 233 419; x_wconf 80' lang='lat' dir='ltr'><strong>This</strong></span> <span class='ocrx_word' id='word_1_4' title='bbox 243 380 372 421; x_wconf 74' lang='lat' dir='ltr'><strong>mensure</strong></span> <span class='ocrx_word' id='word_1_5' title='bbox 391 368 500 419; x_wconf 78' lang='lat' dir='ltr'><strong>eeemed</strong></span> <span class='ocrx_word' id='word_1_6' title='bbox 518 382 658 433; x_wconf 69' lang='lat' dir='ltr'><strong>necesssey</strong></span> <span class='ocrx_word' id='word_1_7' title='bbox 668 369 697 416; x_wconf 79' lang='lat' dir='ltr'><strong>lo</strong></span> <span class='ocrx_word' id='word_1_8' title='bbox 708 372 820 428; x_wconf 79' lang='lat' dir='ltr'>prevent</span> 
     </span>
     <span class='ocr_line' id='line_1_3' title="bbox 68 431 819 499; baseline -0.001 -18"><span class='ocrx_word' id='word_1_9' title='bbox 68 434 127 484; x_wconf 86' lang='lat' dir='ltr'><strong>the</strong></span> <span class='ocrx_word' id='word_1_10' title='bbox 145 449 231 485; x_wconf 77' lang='lat' dir='ltr'><strong>errore</strong></span> <span class='ocrx_word' id='word_1_11' title='bbox 244 436 328 485; x_wconf 86' lang='lat' dir='ltr'><strong>which</strong></span> <span class='ocrx_word' id='word_1_12' title='bbox 349 436 436 499; x_wconf 80' lang='lat' dir='ltr'>might</span> <span class='ocrx_word' id='word_1_13' title='bbox 456 434 556 499; x_wconf 82' lang='lat' dir='ltr'><strong>readily</strong></span> <span class='ocrx_word' id='word_1_14' title='bbox 570 436 671 499; x_wconf 70' lang='lat' dir='ltr'><strong>huppen</strong></span> <span class='ocrx_word' id='word_1_15' title='bbox 691 431 759 481; x_wconf 79' lang='lat' dir='ltr'><strong>sium</strong></span> <span class='ocrx_word' id='word_1_16' title='bbox 772 432 819 481; x_wconf 80' lang='lat' dir='ltr'><strong>tlie</strong></span> 
     </span>
     <span class='ocr_line' id='line_1_4' title="bbox 69 496 819 566; baseline -0.001 -18"><span class='ocrx_word' id='word_1_17' title='bbox 69 500 216 564; x_wconf 57' lang='lat' dir='ltr'><strong>similat-its</strong></span> <span class='ocrx_word' id='word_1_18' title='bbox 229 500 261 550; x_wconf 83' lang='lat' dir='ltr'><strong>of</strong></span> <span class='ocrx_word' id='word_1_19' title='bbox 282 502 327 551; x_wconf 86' lang='lat' dir='ltr'><strong>the</strong></span> <span class='ocrx_word' id='word_1_20' title='bbox 340 509 391 550; x_wconf 86' lang='lat' dir='ltr'><strong>two</strong></span> <span class='ocrx_word' id='word_1_21' title='bbox 407 501 526 566; x_wconf 85' lang='lat' dir='ltr'><strong>peoples.</strong></span> <span class='ocrx_word' id='word_1_22' title='bbox 561 500 619 549; x_wconf 80' lang='lat' dir='ltr'><strong>The</strong></span> <span class='ocrx_word' id='word_1_23' title='bbox 633 501 749 549; x_wconf 77' lang='lat' dir='ltr'><strong>Romans</strong></span> <span class='ocrx_word' id='word_1_24' title='bbox 767 496 819 547; x_wconf 74' lang='lat' dir='ltr'><strong>and</strong></span> 
     </span>
     <span class='ocr_line' id='line_1_5' title="bbox 67 565 819 631; baseline -0.003 -16"><span class='ocrx_word' id='word_1_25' title='bbox 67 565 126 615; x_wconf 85' lang='lat' dir='ltr'><strong>the</strong></span> <span class='ocrx_word' id='word_1_26' title='bbox 140 567 232 616; x_wconf 81' lang='lat' dir='ltr'><strong>Latine</strong></span> <span class='ocrx_word' id='word_1_27' title='bbox 241 567 324 631; x_wconf 81' lang='lat' dir='ltr'><strong>spoke</strong></span> <span class='ocrx_word' id='word_1_28' title='bbox 335 568 381 617; x_wconf 89' lang='lat' dir='ltr'><strong>the</strong></span> <span class='ocrx_word' id='word_1_29' title='bbox 389 582 462 616; x_wconf 77' lang='lat' dir='ltr'><strong>seme</strong></span> <span class='ocrx_word' id='word_1_30' title='bbox 475 567 616 629; x_wconf 47' lang='lat' dir='ltr'><strong>languente,</strong></span> <span class='ocrx_word' id='word_1_31' title='bbox 627 565 731 614; x_wconf 82' lang='lat' dir='ltr'><strong>hadtlie</strong></span> <span class='ocrx_word' id='word_1_32' title='bbox 744 578 819 613; x_wconf 84' lang='lat' dir='ltr'><strong>same</strong></span> 
     </span>
     <span class='ocr_line' id='line_1_6' title="bbox 67 630 818 693; baseline -0.001 -13"><span class='ocrx_word' id='word_1_33' title='bbox 67 646 207 692; x_wconf 75' lang='lat' dir='ltr'><strong>manners,</strong></span> <span class='ocrx_word' id='word_1_34' title='bbox 219 634 267 683; x_wconf 83' lang='lat' dir='ltr'><strong>the</strong></span> <span class='ocrx_word' id='word_1_35' title='bbox 278 648 353 683; x_wconf 79' lang='lat' dir='ltr'><strong>seme</strong></span> <span class='ocrx_word' id='word_1_36' title='bbox 364 649 444 691; x_wconf 74' lang='lat' dir='ltr'><strong>arms,</strong></span> <span class='ocrx_word' id='word_1_37' title='bbox 464 632 516 682; x_wconf 83' lang='lat' dir='ltr'><strong>and</strong></span> <span class='ocrx_word' id='word_1_38' title='bbox 526 632 572 683; x_wconf 73' lang='lat' dir='ltr'><strong>tlte</strong></span> <span class='ocrx_word' id='word_1_39' title='bbox 586 646 659 680; x_wconf 77' lang='lat' dir='ltr'><strong>same</strong></span> <span class='ocrx_word' id='word_1_40' title='bbox 672 630 818 693; x_wconf 81' lang='lat' dir='ltr'><strong>discipline.</strong></span> 
     </span>
     <span class='ocr_line' id='line_1_7' title="bbox 68 696 819 760; baseline 0.004 -15"><span class='ocrx_word' id='word_1_41' title='bbox 68 699 139 747; x_wconf 86' lang='lat' dir='ltr'><strong>The</strong></span> <span class='ocrx_word' id='word_1_42' title='bbox 159 700 270 749; x_wconf 81' lang='lat' dir='ltr'><strong>wisdoin</strong></span> <span class='ocrx_word' id='word_1_43' title='bbox 282 698 313 747; x_wconf 82' lang='lat' dir='ltr'><strong>of</strong></span> <span class='ocrx_word' id='word_1_44' title='bbox 322 701 370 749; x_wconf 88' lang='lat' dir='ltr'><strong>the</strong></span> <span class='ocrx_word' id='word_1_45' title='bbox 385 699 464 749; x_wconf 79' lang='lat' dir='ltr'><strong>order</strong></span> <span class='ocrx_word' id='word_1_46' title='bbox 481 700 564 747; x_wconf 78' lang='lat' dir='ltr'><strong>above</strong></span> <span class='ocrx_word' id='word_1_47' title='bbox 582 698 660 760; x_wconf 71' lang='lat' dir='ltr'><strong>given</strong></span> <span class='ocrx_word' id='word_1_48' title='bbox 679 696 756 745; x_wconf 86' lang='lat' dir='ltr'><strong>could</strong></span> <span class='ocrx_word' id='word_1_49' title='bbox 773 704 819 748; x_wconf 91' lang='lat' dir='ltr'><strong>not</strong></span> 
     </span>
     <span class='ocr_line' id='line_1_8' title="bbox 65 760 819 881; baseline 0 -70"><span class='ocrx_word' id='word_1_50' title='bbox 65 766 241 881; x_wconf 40' lang='lat' dir='ltr'><strong>praventfthte</strong></span> <span class='ocrx_word' id='word_1_51' title='bbox 249 765 361 881; x_wconf 56' lang='lat' dir='ltr'><strong>‹listtreNsls</strong></span> <span class='ocrx_word' id='word_1_52' title='bbox 369 766 468 880; x_wconf 37' lang='lat' dir='ltr'><strong>essused</strong></span> <span class='ocrx_word' id='word_1_53' title='bbox 478 765 511 829; x_wconf 78' lang='lat' dir='ltr'><strong>by</strong></span> <span class='ocrx_word' id='word_1_54' title='bbox 520 764 565 815; x_wconf 81' lang='lat' dir='ltr'><strong>the</strong></span> <span class='ocrx_word' id='word_1_55' title='bbox 574 760 628 813; x_wconf 81' lang='lat' dir='ltr'><strong>fate</strong></span> <span class='ocrx_word' id='word_1_56' title='bbox 638 760 670 811; x_wconf 82' lang='lat' dir='ltr'><strong>of</strong></span> <span class='ocrx_word' id='word_1_57' title='bbox 677 762 722 812; x_wconf 82' lang='lat' dir='ltr'><strong>the</strong></span> <span class='ocrx_word' id='word_1_58' title='bbox 732 777 819 827; x_wconf 78' lang='lat' dir='ltr'><strong>young</strong></span> 
     </span>
     <span class='ocr_line' id='line_1_9' title="bbox 66 845 445 881; baseline -0.003 -2"><span class='ocrx_word' id='word_1_59' title='bbox 66 845 109 879; x_wconf 75' lang='lat' dir='ltr'><strong>an</strong></span> <span class='ocrx_word' id='word_1_60' title='bbox 144 846 310 881; x_wconf 81' lang='lat' dir='ltr'><strong>unorunae</strong></span> <span class='ocrx_word' id='word_1_61' title='bbox 356 847 445 881; x_wconf 79' lang='lat' dir='ltr'><strong>anius.</strong></span> 
     </span>
    </p>
   </div>
   <div class='ocr_carea' id='block_1_3' title="bbox 64 978 849 2462">
    <p class='ocr_par' dir='ltr' id='par_1_3' title="bbox 64 978 849 2462">
     <span class='ocr_line' id='line_1_10' title="bbox 118 978 823 1055; baseline -0.003 -16"><span class='ocrx_word' id='word_1_62' title='bbox 118 980 206 1039; x_wconf 71' lang='lat' dir='ltr'><strong>Forte</strong></span> <span class='ocrx_word' id='word_1_63' title='bbox 227 981 303 1037; x_wconf 85' lang='lat' dir='ltr'><strong>inter</strong></span> <span class='ocrx_word' id='word_1_64' title='bbox 322 992 440 1039; x_wconf 80' lang='lat' dir='ltr'><strong>ceteros</strong></span> <span class='ocrx_word' id='word_1_65' title='bbox 464 978 634 1040; x_wconf 77' lang='lat' dir='ltr'><strong>turmarum</strong></span> <span class='ocrx_word' id='word_1_66' title='bbox 656 980 823 1055; x_wconf 85' lang='lat' dir='ltr'><strong>praeieetos,</strong></span> 
     </span>
     <span class='ocr_line' id='line_1_11' title="bbox 64 1058 824 1136; baseline 0 -20"><span class='ocrx_word' id='word_1_67' title='bbox 64 1058 133 1136; x_wconf 24' lang='lat' dir='ltr'><strong>„qui</strong></span> <span class='ocrx_word' id='word_1_68' title='bbox 142 1062 329 1131; x_wconf 85' lang='lat' dir='ltr'><strong>exploratum</strong></span> <span class='ocrx_word' id='word_1_69' title='bbox 339 1060 369 1117; x_wconf 89' lang='lat' dir='ltr'><strong>in</strong></span> <span class='ocrx_word' id='word_1_70' title='bbox 379 1078 483 1117; x_wconf 86' lang='lat' dir='ltr'><strong>omnes</strong></span> <span class='ocrx_word' id='word_1_71' title='bbox 495 1073 593 1134; x_wconf 79' lang='lat' dir='ltr'><strong>partes</strong></span> <span class='ocrx_word' id='word_1_72' title='bbox 606 1058 720 1117; x_wconf 83' lang='lat' dir='ltr'><strong>dimissi</strong></span> <span class='ocrx_word' id='word_1_73' title='bbox 733 1068 824 1128; x_wconf 83' lang='lat' dir='ltr'><strong>erant,</strong></span> 
     </span>
     <span class='ocr_line' id='line_1_12' title="bbox 70 1138 824 1213; baseline -0.008 -17"><span class='ocrx_word' id='word_1_74' title='bbox 70 1138 119 1195; x_wconf 89' lang='lat' dir='ltr'><strong>T.</strong></span> <span class='ocrx_word' id='word_1_75' title='bbox 138 1138 268 1198; x_wconf 78' lang='lat' dir='ltr'><strong>Manlius</strong></span> <span class='ocrx_word' id='word_1_76' title='bbox 281 1138 416 1194; x_wconf 85' lang='lat' dir='ltr'><strong>Consulis</strong></span> <span class='ocrx_word' id='word_1_77' title='bbox 429 1138 509 1195; x_wconf 88' lang='lat' dir='ltr'><strong>filius</strong></span> <span class='ocrx_word' id='word_1_78' title='bbox 522 1138 611 1213; x_wconf 76' lang='lat' dir='ltr'><strong>suprzi</strong></span> <span class='ocrx_word' id='word_1_79' title='bbox 624 1148 720 1195; x_wconf 87' lang='lat' dir='ltr'><strong>eastra</strong></span> <span class='ocrx_word' id='word_1_80' title='bbox 733 1138 824 1193; x_wconf 78' lang='lat' dir='ltr'><strong>hosti·</strong></span> 
     </span>
     <span class='ocr_line' id='line_1_13' title="bbox 68 1214 823 1285; baseline 0.003 -14"><span class='ocrx_word' id='word_1_81' title='bbox 68 1234 133 1273; x_wconf 90' lang='lat' dir='ltr'><strong>um</strong></span> <span class='ocrx_word' id='word_1_82' title='bbox 147 1235 217 1272; x_wconf 89' lang='lat' dir='ltr'><strong>eum</strong></span> <span class='ocrx_word' id='word_1_83' title='bbox 231 1215 291 1273; x_wconf 88' lang='lat' dir='ltr'><strong>suis</strong></span> <span class='ocrx_word' id='word_1_84' title='bbox 301 1217 478 1279; x_wconf 82' lang='lat' dir='ltr'><strong>turmalibus</strong></span> <span class='ocrx_word' id='word_1_85' title='bbox 497 1216 597 1285; x_wconf 84' lang='lat' dir='ltr'><strong>evasit,</strong></span> <span class='ocrx_word' id='word_1_86' title='bbox 610 1215 650 1273; x_wconf 71' lang='lat' dir='ltr'><strong>itt</strong></span> <span class='ocrx_word' id='word_1_87' title='bbox 663 1225 696 1273; x_wconf 91' lang='lat' dir='ltr'><strong>ut</strong></span> <span class='ocrx_word' id='word_1_88' title='bbox 709 1214 758 1271; x_wconf 87' lang='lat' dir='ltr'><strong>vix</strong></span> <span class='ocrx_word' id='word_1_89' title='bbox 773 1216 823 1275; x_wconf 90' lang='lat' dir='ltr'><strong>teli</strong></span> 
     </span>
     <span class='ocr_line' id='line_1_14' title="bbox 65 1292 825 1369; baseline 0.003 -19"><span class='ocrx_word' id='word_1_90' title='bbox 65 1293 160 1369; x_wconf 84' lang='lat' dir='ltr'><strong>jactu</strong></span> <span class='ocrx_word' id='word_1_91' title='bbox 172 1296 207 1349; x_wconf 88' lang='lat' dir='ltr'><strong>ab</strong></span> <span class='ocrx_word' id='word_1_92' title='bbox 221 1294 341 1351; x_wconf 82' lang='lat' dir='ltr'><strong>statione</strong></span> <span class='ocrx_word' id='word_1_93' title='bbox 358 1296 497 1369; x_wconf 69' lang='lat' dir='ltr'><strong>proximi</strong></span> <span class='ocrx_word' id='word_1_94' title='bbox 510 1298 640 1362; x_wconf 79' lang='lat' dir='ltr'><strong>abesset3</strong></span> <span class='ocrx_word' id='word_1_95' title='bbox 654 1292 693 1350; x_wconf 90' lang='lat' dir='ltr'><strong>ibi</strong></span> <span class='ocrx_word' id='word_1_96' title='bbox 708 1295 825 1352; x_wconf 88' lang='lat' dir='ltr'><strong>Tuscu·</strong></span> 
     </span>
     <span class='ocr_line' id='line_1_15' title="bbox 65 1371 824 1447; baseline 0 -18"><span class='ocrx_word' id='word_1_97' title='bbox 65 1372 135 1439; x_wconf 75' lang='lat' dir='ltr'><strong>latii</strong></span> <span class='ocrx_word' id='word_1_98' title='bbox 148 1384 229 1429; x_wconf 75' lang='lat' dir='ltr'><strong>erant</strong></span> <span class='ocrx_word' id='word_1_99' title='bbox 241 1374 371 1447; x_wconf 88' lang='lat' dir='ltr'><strong>equites;</strong></span> <span class='ocrx_word' id='word_1_100' title='bbox 393 1384 519 1447; x_wconf 79' lang='lat' dir='ltr'><strong>praeerat</strong></span> <span class='ocrx_word' id='word_1_101' title='bbox 528 1371 687 1431; x_wconf 85' lang='lat' dir='ltr'><strong>Geminius</strong></span> <span class='ocrx_word' id='word_1_102' title='bbox 702 1372 824 1443; x_wconf 86' lang='lat' dir='ltr'><strong>Metius,</strong></span> 
     </span>
     <span class='ocr_line' id='line_1_16' title="bbox 67 1448 822 1527; baseline 0.004 -21"><span class='ocrx_word' id='word_1_103' title='bbox 67 1449 202 1507; x_wconf 73' lang='lat' dir='ltr'><strong>virtum</strong></span> <span class='ocrx_word' id='word_1_104' title='bbox 223 1468 332 1527; x_wconf 83' lang='lat' dir='ltr'><strong>genere</strong></span> <span class='ocrx_word' id='word_1_105' title='bbox 351 1451 428 1508; x_wconf 87' lang='lat' dir='ltr'><strong>inter</strong></span> <span class='ocrx_word' id='word_1_106' title='bbox 442 1470 519 1519; x_wconf 86' lang='lat' dir='ltr'><strong>suos,</strong></span> <span class='ocrx_word' id='word_1_107' title='bbox 532 1448 598 1507; x_wconf 80' lang='lat' dir='ltr'><strong>ttim</strong></span> <span class='ocrx_word' id='word_1_108' title='bbox 618 1449 703 1508; x_wconf 87' lang='lat' dir='ltr'><strong>factis</strong></span> <span class='ocrx_word' id='word_1_109' title='bbox 715 1452 822 1509; x_wconf 84' lang='lat' dir='ltr'><strong>clarus.</strong></span> 
     </span>
     <span class='ocr_line' id='line_1_17' title="bbox 69 1527 823 1604; baseline 0.003 -19"><span class='ocrx_word' id='word_1_110' title='bbox 69 1530 106 1585; x_wconf 90' lang='lat' dir='ltr'><strong>Is</strong></span> <span class='ocrx_word' id='word_1_111' title='bbox 121 1528 172 1586; x_wconf 88' lang='lat' dir='ltr'><strong>ubi</strong></span> <span class='ocrx_word' id='word_1_112' title='bbox 182 1531 329 1586; x_wconf 88' lang='lat' dir='ltr'><strong>Romanos</strong></span> <span class='ocrx_word' id='word_1_113' title='bbox 342 1529 454 1603; x_wconf 86' lang='lat' dir='ltr'><strong>equites</strong></span> <span class='ocrx_word' id='word_1_114' title='bbox 463 1527 669 1604; x_wconf 79' lang='lat' dir='ltr'><strong>insignemque</strong></span> <span class='ocrx_word' id='word_1_115' title='bbox 683 1530 758 1586; x_wconf 87' lang='lat' dir='ltr'><strong>inter</strong></span> <span class='ocrx_word' id='word_1_116' title='bbox 771 1548 823 1587; x_wconf 86' lang='lat' dir='ltr'><strong>eos</strong></span> 
     </span>
     <span class='ocr_line' id='line_1_18' title="bbox 67 1604 822 1680; baseline 0.004 -18"><span class='ocrx_word' id='word_1_117' title='bbox 67 1608 298 1680; x_wconf 80' lang='lat' dir='ltr'><strong>praeeedentem</strong></span> <span class='ocrx_word' id='word_1_118' title='bbox 312 1605 441 1663; x_wconf 86' lang='lat' dir='ltr'><strong>consulis</strong></span> <span class='ocrx_word' id='word_1_119' title='bbox 454 1604 551 1663; x_wconf 88' lang='lat' dir='ltr'><strong>filium</strong></span> <span class='ocrx_word' id='word_1_120' title='bbox 563 1604 648 1675; x_wconf 67' lang='lat' dir='ltr'><strong>(nem</strong></span> <span class='ocrx_word' id='word_1_121' title='bbox 661 1626 765 1663; x_wconf 89' lang='lat' dir='ltr'><strong>omnes</strong></span> <span class='ocrx_word' id='word_1_122' title='bbox 779 1606 822 1665; x_wconf 89' lang='lat' dir='ltr'><strong>in·</strong></span> 
     </span>
     <span class='ocr_line' id='line_1_19' title="bbox 67 1682 827 1761; baseline -0.007 -20"><span class='ocrx_word' id='word_1_123' title='bbox 67 1695 125 1741; x_wconf 82' lang='lat' dir='ltr'><strong>ter</strong></span> <span class='ocrx_word' id='word_1_124' title='bbox 138 1704 180 1752; x_wconf 87' lang='lat' dir='ltr'><strong>se,</strong></span> <span class='ocrx_word' id='word_1_125' title='bbox 191 1684 293 1759; x_wconf 88' lang='lat' dir='ltr'><strong>utique</strong></span> <span class='ocrx_word' id='word_1_126' title='bbox 306 1682 434 1740; x_wconf 79' lang='lat' dir='ltr'><strong>illustres</strong></span> <span class='ocrx_word' id='word_1_127' title='bbox 453 1682 520 1751; x_wconf 81' lang='lat' dir='ltr'><strong>viri,</strong></span> <span class='ocrx_word' id='word_1_128' title='bbox 533 1682 593 1739; x_wconf 89' lang='lat' dir='ltr'><strong>noti</strong></span> <span class='ocrx_word' id='word_1_129' title='bbox 605 1684 702 1759; x_wconf 82' lang='lat' dir='ltr'><strong>erant)</strong></span> <span class='ocrx_word' id='word_1_130' title='bbox 716 1703 827 1761; x_wconf 69' lang='lat' dir='ltr'><strong>eogno-</strong></span> 
     </span>
     <span class='ocr_line' id='line_1_20' title="bbox 68 1758 824 1831; baseline -0.011 -11"><span class='ocrx_word' id='word_1_131' title='bbox 68 1763 130 1820; x_wconf 87' lang='lat' dir='ltr'><strong>vit.</strong></span> <span class='ocrx_word' id='word_1_132' title='bbox 141 1758 258 1829; x_wconf 67' lang='lat' dir='ltr'><strong>Unene,</strong></span> <span class='ocrx_word' id='word_1_133' title='bbox 267 1762 316 1829; x_wconf 86' lang='lat' dir='ltr'><strong>ait,</strong></span> <span class='ocrx_word' id='word_1_134' title='bbox 323 1763 423 1817; x_wconf 79' lang='lat' dir='ltr'><strong>turmit</strong></span> <span class='ocrx_word' id='word_1_135' title='bbox 433 1760 560 1817; x_wconf 86' lang='lat' dir='ltr'><strong>Romani</strong></span> <span class='ocrx_word' id='word_1_136' title='bbox 569 1778 638 1817; x_wconf 90' lang='lat' dir='ltr'><strong>cum</strong></span> <span class='ocrx_word' id='word_1_137' title='bbox 647 1762 769 1831; x_wconf 86' lang='lat' dir='ltr'><strong>Latinis,</strong></span> <span class='ocrx_word' id='word_1_138' title='bbox 778 1782 824 1818; x_wconf 89' lang='lat' dir='ltr'><strong>so.</strong></span> 
     </span>
     <span class='ocr_line' id='line_1_21' title="bbox 70 1836 849 1914; baseline 0.001 -17"><span class='ocrx_word' id='word_1_139' title='bbox 70 1838 191 1914; x_wconf 88' lang='lat' dir='ltr'><strong>ciisque</strong></span> <span class='ocrx_word' id='word_1_140' title='bbox 200 1840 311 1897; x_wconf 90' lang='lat' dir='ltr'><strong>bellum</strong></span> <span class='ocrx_word' id='word_1_141' title='bbox 321 1838 433 1913; x_wconf 81' lang='lat' dir='ltr'><strong>gesturi</strong></span> <span class='ocrx_word' id='word_1_142' title='bbox 442 1836 533 1897; x_wconf 83' lang='lat' dir='ltr'><strong>estis?</strong></span> <span class='ocrx_word' id='word_1_143' title='bbox 552 1838 622 1913; x_wconf 90' lang='lat' dir='ltr'><strong>quid</strong></span> <span class='ocrx_word' id='word_1_144' title='bbox 633 1838 744 1897; x_wconf 66' lang='lat' dir='ltr'><strong>intereat</strong></span> <span class='ocrx_word' id='word_1_145' title='bbox 757 1858 824 1898; x_wconf 89' lang='lat' dir='ltr'><strong>eon·</strong></span> <span class='ocrx_word' id='word_1_146' title='bbox 847 1837 849 1841; x_wconf 75' lang='grc'><strong>’</strong></span> 
     </span>
     <span class='ocr_line' id='line_1_22' title="bbox 69 1915 821 1995; baseline -0.001 -19"><span class='ocrx_word' id='word_1_147' title='bbox 69 1921 166 1986; x_wconf 88' lang='lat' dir='ltr'><strong>sules,</strong></span> <span class='ocrx_word' id='word_1_148' title='bbox 187 1916 258 1993; x_wconf 88' lang='lat' dir='ltr'><strong>quid</strong></span> <span class='ocrx_word' id='word_1_149' title='bbox 276 1919 333 1975; x_wconf 93' lang='lat' dir='ltr'><strong>duo</strong></span> <span class='ocrx_word' id='word_1_150' title='bbox 353 1915 504 1976; x_wconf 83' lang='lat' dir='ltr'><strong>exereitus</strong></span> <span class='ocrx_word' id='word_1_151' title='bbox 524 1920 692 1974; x_wconf 80' lang='lat' dir='ltr'><strong>consulares</strong></span> <span class='ocrx_word' id='word_1_152' title='bbox 713 1919 821 1995; x_wconf 86' lang='lat' dir='ltr'><strong>agent?</strong></span> 
     </span>
     <span class='ocr_line' id='line_1_23' title="bbox 70 1994 821 2071; baseline 0.005 -18"><span class='ocrx_word' id='word_1_153' title='bbox 70 1998 203 2054; x_wconf 86' lang='lat' dir='ltr'><strong>aderunt</strong></span> <span class='ocrx_word' id='word_1_154' title='bbox 221 1994 254 2051; x_wconf 92' lang='lat' dir='ltr'><strong>in</strong></span> <span class='ocrx_word' id='word_1_155' title='bbox 272 2008 417 2071; x_wconf 79' lang='lat' dir='ltr'><strong>tempore,</strong></span> <span class='ocrx_word' id='word_1_156' title='bbox 440 1996 568 2053; x_wconf 83' lang='lat' dir='ltr'><strong>Manlius</strong></span> <span class='ocrx_word' id='word_1_157' title='bbox 590 1994 694 2070; x_wconf 87' lang='lat' dir='ltr'><strong>inquit,</strong></span> <span class='ocrx_word' id='word_1_158' title='bbox 707 2009 737 2055; x_wconf 90' lang='lat' dir='ltr'><strong>et</strong></span> <span class='ocrx_word' id='word_1_159' title='bbox 750 2016 821 2057; x_wconf 90' lang='lat' dir='ltr'><strong>eum</strong></span> 
     </span>
     <span class='ocr_line' id='line_1_24' title="bbox 70 2072 822 2148; baseline 0.007 -16"><span class='ocrx_word' id='word_1_160' title='bbox 70 2076 135 2132; x_wconf 89' lang='lat' dir='ltr'><strong>illis</strong></span> <span class='ocrx_word' id='word_1_161' title='bbox 149 2074 238 2132; x_wconf 85' lang='lat' dir='ltr'><strong>aderit</strong></span> <span class='ocrx_word' id='word_1_162' title='bbox 259 2075 373 2147; x_wconf 84' lang='lat' dir='ltr'><strong>Jupiter</strong></span> <span class='ocrx_word' id='word_1_163' title='bbox 393 2074 455 2148; x_wconf 87' lang='lat' dir='ltr'><strong>ipse</strong></span> <span class='ocrx_word' id='word_1_164' title='bbox 478 2074 625 2131; x_wconf 84' lang='lat' dir='ltr'><strong>foederum</strong></span> <span class='ocrx_word' id='word_1_165' title='bbox 639 2072 657 2131; x_wconf 78' lang='lat' dir='ltr'><strong>ei</strong></span> <span class='ocrx_word' id='word_1_166' title='bbox 670 2076 749 2135; x_wconf 90' lang='lat' dir='ltr'><strong>vobis</strong></span> <span class='ocrx_word' id='word_1_167' title='bbox 763 2077 822 2137; x_wconf 92' lang='lat' dir='ltr'><strong>vio·</strong></span> 
     </span>
     <span class='ocr_line' id='line_1_25' title="bbox 71 2153 821 2231; baseline 0.009 -21"><span class='ocrx_word' id='word_1_168' title='bbox 71 2155 206 2211; x_wconf 73' lang='lat' dir='ltr'><strong>latorum</strong></span> <span class='ocrx_word' id='word_1_169' title='bbox 218 2155 309 2221; x_wconf 85' lang='lat' dir='ltr'><strong>testis,</strong></span> <span class='ocrx_word' id='word_1_170' title='bbox 326 2153 379 2228; x_wconf 91' lang='lat' dir='ltr'><strong>qui</strong></span> <span class='ocrx_word' id='word_1_171' title='bbox 391 2155 459 2225; x_wconf 87' lang='lat' dir='ltr'><strong>plus</strong></span> <span class='ocrx_word' id='word_1_172' title='bbox 479 2162 584 2227; x_wconf 85' lang='lat' dir='ltr'><strong>potest,</strong></span> <span class='ocrx_word' id='word_1_173' title='bbox 597 2154 755 2231; x_wconf 88' lang='lat' dir='ltr'><strong>polletque.</strong></span> <span class='ocrx_word' id='word_1_174' title='bbox 789 2156 821 2217; x_wconf 79' lang='lat' dir='ltr'><strong>si</strong></span> 
     </span>
     <span class='ocr_line' id='line_1_26' title="bbox 70 2228 819 2310; baseline 0.004 -21"><span class='ocrx_word' id='word_1_175' title='bbox 70 2234 110 2289; x_wconf 84' lang='lat' dir='ltr'><strong>ad</strong></span> <span class='ocrx_word' id='word_1_176' title='bbox 120 2232 272 2305; x_wconf 78' lang='lat' dir='ltr'><strong>Regillum</strong></span> <span class='ocrx_word' id='word_1_177' title='bbox 283 2228 389 2301; x_wconf 87' lang='lat' dir='ltr'><strong>laeum,</strong></span> <span class='ocrx_word' id='word_1_178' title='bbox 396 2233 432 2288; x_wconf 89' lang='lat' dir='ltr'><strong>ad</strong></span> <span class='ocrx_word' id='word_1_179' title='bbox 440 2230 602 2289; x_wconf 79' lang='lat' dir='ltr'><strong>satietatem</strong></span> <span class='ocrx_word' id='word_1_180' title='bbox 611 2244 736 2291; x_wconf 78' lang='lat' dir='ltr'><strong>vestiam</strong></span> <span class='ocrx_word' id='word_1_181' title='bbox 747 2252 819 2310; x_wconf 86' lang='lat' dir='ltr'><strong>pug-</strong></span> 
     </span>
     <span class='ocr_line' id='line_1_27' title="bbox 70 2310 820 2386; baseline 0.008 -21"><span class='ocrx_word' id='word_1_182' title='bbox 70 2312 234 2376; x_wconf 88' lang='lat' dir='ltr'><strong>navimus;</strong></span> <span class='ocrx_word' id='word_1_183' title='bbox 255 2311 305 2367; x_wconf 90' lang='lat' dir='ltr'><strong>hie</strong></span> <span class='ocrx_word' id='word_1_184' title='bbox 318 2323 434 2386; x_wconf 83' lang='lat' dir='ltr'><strong>quoque</strong></span> <span class='ocrx_word' id='word_1_185' title='bbox 454 2310 616 2367; x_wconf 85' lang='lat' dir='ltr'><strong>efficiemus</strong></span> <span class='ocrx_word' id='word_1_186' title='bbox 631 2312 770 2385; x_wconf 67' lang='lat' dir='ltr'><strong>profectu,</strong></span> <span class='ocrx_word' id='word_1_187' title='bbox 783 2332 820 2371; x_wconf 87' lang='lat' dir='ltr'><strong>ne</strong></span> 
     </span>
     <span class='ocr_line' id='line_1_28' title="bbox 71 2386 822 2462; baseline 0.007 -18"><span class='ocrx_word' id='word_1_188' title='bbox 71 2386 167 2445; x_wconf 88' lang='lat' dir='ltr'><strong>nimis</strong></span> <span class='ocrx_word' id='word_1_189' title='bbox 186 2389 265 2445; x_wconf 82' lang='lat' dir='ltr'><strong>acies</strong></span> <span class='ocrx_word' id='word_1_190' title='bbox 286 2387 367 2445; x_wconf 90' lang='lat' dir='ltr'><strong>vobis</strong></span> <span class='ocrx_word' id='word_1_191' title='bbox 387 2400 416 2445; x_wconf 89' lang='lat' dir='ltr'><strong>et</strong></span> <span class='ocrx_word' id='word_1_192' title='bbox 436 2390 540 2445; x_wconf 82' lang='lat' dir='ltr'><strong>collata</strong></span> <span class='ocrx_word' id='word_1_193' title='bbox 563 2388 647 2462; x_wconf 77' lang='lat' dir='ltr'><strong>signa</strong></span> <span class='ocrx_word' id='word_1_194' title='bbox 666 2390 822 2450; x_wconf 88' lang='lat' dir='ltr'><strong>nobiscum</strong></span> 
     </span>
    </p>
   </div>
   <div class='ocr_carea' id='block_1_4' title="bbox 73 2465 826 2779">
    <p class='ocr_par' dir='ltr' id='par_1_4' title="bbox 73 2465 826 2779">
     <span class='ocr_line' id='line_1_29' title="bbox 73 2465 823 2541; baseline 0.003 -18"><span class='ocrx_word' id='word_1_195' title='bbox 73 2466 159 2525; x_wconf 87' lang='lat' dir='ltr'><strong>cordi</strong></span> <span class='ocrx_word' id='word_1_196' title='bbox 173 2465 241 2523; x_wconf 89' lang='lat' dir='ltr'><strong>sint.</strong></span> <span class='ocrx_word' id='word_1_197' title='bbox 270 2468 319 2524; x_wconf 90' lang='lat' dir='ltr'><strong>Ad</strong></span> <span class='ocrx_word' id='word_1_198' title='bbox 328 2486 363 2523; x_wconf 90' lang='lat' dir='ltr'><strong>ea</strong></span> <span class='ocrx_word' id='word_1_199' title='bbox 375 2465 536 2525; x_wconf 87' lang='lat' dir='ltr'><strong>Geminius</strong></span> <span class='ocrx_word' id='word_1_200' title='bbox 548 2467 703 2541; x_wconf 76' lang='lat' dir='ltr'><strong>paululum</strong></span> <span class='ocrx_word' id='word_1_201' title='bbox 716 2472 751 2526; x_wconf 90' lang='lat' dir='ltr'><strong>ab</strong></span> <span class='ocrx_word' id='word_1_202' title='bbox 761 2469 823 2528; x_wconf 88' lang='lat' dir='ltr'><strong>suis</strong></span> 
     </span>
     <span class='ocr_line' id='line_1_30' title="bbox 74 2542 822 2621; baseline 0.005 -20"><span class='ocrx_word' id='word_1_203' title='bbox 74 2563 155 2620; x_wconf 91' lang='lat' dir='ltr'><strong>equo</strong></span> <span class='ocrx_word' id='word_1_204' title='bbox 165 2556 333 2617; x_wconf 82' lang='lat' dir='ltr'><strong>provectus,</strong></span> <span class='ocrx_word' id='word_1_205' title='bbox 342 2546 435 2602; x_wconf 87' lang='lat' dir='ltr'><strong>Visne</strong></span> <span class='ocrx_word' id='word_1_206' title='bbox 449 2544 540 2621; x_wconf 82' lang='lat' dir='ltr'><strong>igitur</strong></span> <span class='ocrx_word' id='word_1_207' title='bbox 553 2542 626 2602; x_wconf 75' lang='lat' dir='ltr'><strong>dnm</strong></span> <span class='ocrx_word' id='word_1_208' title='bbox 639 2548 700 2605; x_wconf 87' lang='lat' dir='ltr'><strong>dies</strong></span> <span class='ocrx_word' id='word_1_209' title='bbox 713 2548 822 2605; x_wconf 77' lang='lat' dir='ltr'><strong>istane-</strong></span> 
     </span>
     <span class='ocr_line' id='line_1_31' title="bbox 77 2623 825 2699; baseline 0 -20"><span class='ocrx_word' id='word_1_210' title='bbox 77 2623 134 2690; x_wconf 85' lang='lat' dir='ltr'><strong>nit,</strong></span> <span class='ocrx_word' id='word_1_211' title='bbox 146 2628 205 2699; x_wconf 70' lang='lat' dir='ltr'><strong>quei</strong></span> <span class='ocrx_word' id='word_1_212' title='bbox 219 2640 328 2698; x_wconf 83' lang='lat' dir='ltr'><strong>magno</strong></span> <span class='ocrx_word' id='word_1_213' title='bbox 341 2635 445 2681; x_wconf 86' lang='lat' dir='ltr'><strong>conatu</strong></span> <span class='ocrx_word' id='word_1_214' title='bbox 455 2624 603 2697; x_wconf 83' lang='lat' dir='ltr'><strong>exercitus</strong></span> <span class='ocrx_word' id='word_1_215' title='bbox 619 2624 768 2691; x_wconf 84' lang='lat' dir='ltr'><strong>moveatis,</strong></span> <span class='ocrx_word' id='word_1_216' title='bbox 782 2624 825 2679; x_wconf 90' lang='lat' dir='ltr'><strong>in·</strong></span> 
     </span>
     <span class='ocr_line' id='line_1_32' title="bbox 78 2700 826 2779; baseline 0 -23"><span class='ocrx_word' id='word_1_217' title='bbox 78 2700 163 2759; x_wconf 67' lang='lat' dir='ltr'><strong>terei</strong></span> <span class='ocrx_word' id='word_1_218' title='bbox 175 2715 209 2760; x_wconf 88' lang='lat' dir='ltr'><strong>tu</strong></span> <span class='ocrx_word' id='word_1_219' title='bbox 223 2702 285 2775; x_wconf 84' lang='lat' dir='ltr'><strong>ipse</strong></span> <span class='ocrx_word' id='word_1_220' title='bbox 301 2702 440 2779; x_wconf 78' lang='lat' dir='ltr'><strong>congredi</strong></span> <span class='ocrx_word' id='word_1_221' title='bbox 453 2720 584 2771; x_wconf 81' lang='lat' dir='ltr'><strong>mecum,</strong></span> <span class='ocrx_word' id='word_1_222' title='bbox 598 2712 630 2761; x_wconf 87' lang='lat' dir='ltr'><strong>ut</strong></span> <span class='ocrx_word' id='word_1_223' title='bbox 642 2713 742 2759; x_wconf 86' lang='lat' dir='ltr'><strong>nostro</strong></span> <span class='ocrx_word' id='word_1_224' title='bbox 755 2702 826 2757; x_wconf 88' lang='lat' dir='ltr'><strong>duo-</strong></span> 
     </span>
    </p>
   </div>
   <div class='ocr_carea' id='block_1_5' title="bbox 0 0 957 3267">
    <p class='ocr_par' dir='ltr' id='par_1_5' title="bbox 0 0 957 3267">
     <span class='ocr_line' id='line_1_33' title="bbox 0 0 957 3267; baseline 0 0"><span class='ocrx_word' id='word_1_225' title='bbox 0 0 957 3267; x_wconf 95' lang='lat' dir='ltr'><strong> </strong></span> 
     </span>
    </p>
   </div>
  </div>
 </body>
</html>
