1875 3267
441 220 486 281 26

438 282 520 313 .,.

88 372 139 455 εἰς,
149 368 242 448 quun
254 369 372 433 hostem
391 367 687 439 timentos'domnm
702 368 839 430 diluun-

85 462 194 593 tuiitc
219 530 302 591 clade
327 530 497 607 perculsum
523 538 553 589 et
574 528 699 589 dubium
719 522 837 587 consilii

86 610 222 667 xerxem
235 610 410 668 Mardonius
426 607 609 685 aggreditur.
642 610 793 668 Hortatur
803 604 837 661 in

83 704 215 762 regnum
228 688 322 758 abeat,
332 706 369 747 ne
380 686 451 763 quid
462 687 612 747 seditionis
622 694 740 745 moveat
752 684 835 746 fama

85 764 201 829 adversi
212 767 290 837 belli,
304 778 334 825 et
347 766 378 823 in
391 764 499 843 majus,
520 764 607 823 sicuti
619 785 686 825 mos
700 773 755 835 est,
767 782 835 819 om·

83 844 134 903 nia
147 846 308 903 extollens:
325 844 380 905 sibi
390 845 469 902 CCC
479 843 572 903 millia
581 857 762 904 armatorum
771 843 835 899 lec·

83 935 114 983 ta
126 942 165 981 ex
178 925 316 983 omnibus
329 922 423 999 copiis
435 923 597 998 relinquat;
612 927 671 998 qui
681 940 772 986 manu
778 927 835 979 aut

84 1021 155 1062 curn
169 1004 264 1079 gloria
277 1003 342 1083 ejus
355 1000 596 1078 perdomitumm
613 1020 646 1072 se
658 1001 832 1062 Graeciam:

82 1090 135 1139 out
149 1081 173 1139 si
187 1081 271 1141 aliter
283 1093 407 1141 eventus
426 1080 512 1150 ferat,
533 1080 595 1140 sine
609 1080 746 1159 ejusdem
759 1078 834 1137 infa-

82 1161 145 1221 mia
153 1160 286 1224 hostibus
296 1178 461 1221 cessurum.
474 1163 600 1219 Probato
609 1159 741 1228 consilio,
749 1159 832 1216 Mar·

81 1241 169 1301 (ionio
183 1242 334 1301 exercitus
351 1240 485 1310 traditur,
507 1240 637 1316 reliquas
656 1240 755 1312 copias
775 1240 846 1295 rex'

82 1318 145 1395 ipse
158 1321 302 1389 reducere
308 1318 341 1377 in
348 1336 475 1394 regnum
483 1328 575 1393 parat.
597 1318 657 1377 Sed
664 1316 770 1379 Graeci
779 1335 831 1375 ou·

82 1398 143 1456 dits
153 1397 245 1473 Regis
258 1396 341 1473 fuga,
353 1396 510 1455 consilium
519 1398 625 1456 ineunt
635 1396 733 1472 pontis
742 1397 834 1454 inter·

80 1464 545 1553 ιἰιῐῑιρεῐιάἱζ(ᾖιιεηιἰΙΙεΑῙ))εάο,.1
564 1475 657 1534 veluti
665 1476 757 1533 victor
767 1494 832 1533 rna·

82 1555 134 1632 ris,
148 1554 277 1623 fecerat;
298 1564 331 1613 ut
344 1553 505 1613 intercluso
519 1554 617 1613 reditu
630 1566 680 1614 aut
695 1573 767 1612 cum
779 1572 833 1611 ex·

82 1633 344 1705 ercitudeleretun
363 1644 414 1693 aut
434 1633 636 1710 desperatione
655 1652 768 1703 rerum,
780 1651 831 1708 pa·

81 1732 148 1771 cem
162 1715 255 1797 victus
268 1722 369 1788 petere
383 1725 549 1790 cogeretur.
583 1715 642 1771 Sed
656 1711 830 1770 Themisto·

81 1790 270 1863 clestimens,
278 1811 316 1851 ne
325 1791 477 1851 interclusi
486 1794 586 1851 hostes
593 1791 830 1865 desperationem

80 1870 112 1928 in
122 1871 265 1931 virtutem·
278 1881 437 1939 verterent,
458 1881 489 1927 et
509 1872 567 1929 iter
580 1871 659 1946 quod
673 1871 757 1928 aliter
769 1888 829 1929 non

79 1960 204 2029 pateret,
224 1950 302 2007 ferro
316 1948 530 2023 patefacerent;
553 1947 624 2007 satis
637 1952 748 2009 multos
762 1950 830 2007 hos·

81 2032 127 2087 tes
140 2026 172 2084 in
186 2026 308 2085 Graecits
322 2044 476 2084 remanere
490 2028 636 2098 dictitans,
655 2046 711 2085 nec
724 2027 832 2104 augeri
929 2039 931 2056 ¹

81 2123 242 2165 numerum
269 2103 421 2165 retinendo
442 2117 595 2182 oportere3
616 2105 689 2166 cum
709 2106 829 2164 vincere

117 2308 235 2375 1Ahydo.
263 2308 382 2377 Abydos,
400 2324 449 2359 one
458 2308 493 2359 of
506 2309 553 2361 the
565 2309 669 2360 ancient
687 2310 785 2359 castres
796 2307 832 2359 οἱ·

79 2376 127 2429 the
140 2375 309 2436 Dardanells,
321 2392 353 2425 on
361 2376 407 2427 the
421 2378 563 2441 European
573 2376 644 2427 side·
675 2377 736 2425 The
747 2376 827 2425 other

80 2440 167 2496 called
181 2446 271 2493 Sestos
290 2458 343 2493 was
360 2457 393 2493 on
411 2442 458 2493 the
478 2442 584 2493 Asiatio
595 2442 662 2493 side.
695 2442 755 2491 The
766 2456 828 2493 new
928 2485 930 2504 ,

62 2530 65 2537 ·
80 2510 179 2561 costies
188 2524 234 2559 are
247 2508 363 2559 situated
375 2524 448 2559 more
458 2507 607 2574 southerly.
641 2511 699 2559 One
711 2506 744 2557 of
750 2509 826 2559 thern

78 2576 104 2629 is
115 2574 201 2626 called
210 2574 257 2625 the
269 2576 351 2625 castie
364 2574 396 2624 of
403 2567 542 2633 Romania}
560 2575 607 2624 the
618 2576 705 2634 other,
718 2574 743 2624 in
758 2574 827 2625 Asia
927 2611 928 2620 ,

81 2642 180 2699 Minor,
200 2640 224 2690 is
236 2640 322 2691 called
333 2642 379 2691 the
392 2642 476 2691 castle
487 2641 519 2691 of
528 2642 645 2692 Natolia.
679 2641 755 2707 'I'hey
762 2640 828 2709 gire
927 2665 928 2696 1

80 2708 152 2765 their
159 2720 236 2761 nome
248 2708 304 2760 also
315 2716 343 2760 to
353 2706 401 2761 the
412 2706 497 2761 Struit
507 2706 538 2759 of
547 2705 694 2775 Gaiiipolis.
