1875 3267
374 247 434 306 143

135 490 255 577 Appius
270 495 457 558 ettomoured
468 491 509 576 os
520 495 672 578 Verginio.

75 645 248 712 Sanctam
265 643 345 706 aliud
364 643 395 704 in
416 647 490 706 urbe
511 644 594 703 nefas
615 647 649 708 ab
661 642 779 709 libidine

29 734 146 794 ortum,
159 727 241 784 haud
253 723 352 784 mimis
366 725 444 784 foedo
457 735 577 792 eventu,
590 722 680 800 quim
702 727 781 801 quod

31 823 91 878 per
104 812 253 878 stuprum,
275 803 443 878 cademque
456 801 608 862 Inieretiae
623 805 703 870 urbe,
716 821 781 878 reg·

29 899 134 957 noque
142 880 320 956 Tarqrumos
328 884 497 956 expulerat
506 893 603 941 utnon
613 879 784 938 iinrssolum

30 961 120 1018 idem
128 961 324 1028 Decemurrs,
332 979 383 1035 qur
373 961 522 1050 regibus,
538 959 784 1018 sedeansaetinm‘

32 1037 167 1096 eadem
159 1037 277 1112 imperii
290 1032 440 1096 amittendi
452 1048 540 1096 esset
554 1041 612 1112 Ap
626 1037 786 1096 Claudium

25 1115 166 1207 uirginis
178 1116 300 1188 plebeiae
314 1119 483 1191 stuprandae
497 1116 584 1175 libido
597 1117 687 1191 cepit.
697 1119 786 1174 Pater

33 1193 166 1270 iirginis
185 1194 220 1251 L.
243 1193 406 1271 Virginius,
420 1197 577 1253 honesturn
598 1194 763 1253 ordinem
755 1213 786 1252 m

35 1273 152 1348 Algido
166 1273 298 1341 ducebat,
312 1272 358 1330 vir
367 1273 499 1348 exempli
512 1274 595 1342 recti,
608 1272 699 1344 domi,
708 1272 786 1332 mili·

35 1351 158 1426 tiaeque
198 1350 322 1420 Perinde
338 1369 415 1410 uxor
423 1350 558 1411 msutnta
569 1351 674 1420 fuerat,
688 1353 785 1410 liberi-

37 1448 98 1504 que
124 1417 358 1489 instituebantur.
398 1431 605 1506 Desponderat
627 1429 722 1489 filiam
748 1434 785 1490 L.

38 1505 300 1576 Iciliotribunicio‚
319 1527 381 1567 ιιιιι
401 1509 472 1578 aeri,
492 1522 522 1568 et
539 1527 595 1585 pro
614 1512 704 1568 causa
722 1511 785 1586 ple

37 1587 87 1642 bis
101 1597 234 1660 expertae
247 1587 370 1645 virtutis
391 1588 512 1646 Hanc
485 1588 632 1664 virginem
645 1589 784 1655 adultam,

38 1665 142 1724 forma
167 1666 372 1735 excellentem,
400 1666 520 1740 Appius
541 1683 642 1722 amore
671 1668 786 1733 ardens,

39 1740 141 1832 pretio
160 1761 195 1798 ac
215 1759 267 1816 spe
285 1741 426 1817 pellicere
450 1745 593 1800 adortus,
626 1742 786 1818 postquam

39 1818 142 1880 omnia
164 1822 277 1894 pudore
296 1831 379 1896 septa
394 1821 576 1880 animadvert
565 1831 646 1889 terat,
664 1822 701 1878 ad
721 1840 787 1880 cru·

42 1903 142 1958 delem
164 1902 379 1975 superbamque
402 1899 465 1956 vim
486 1901 621 1958 animum
637 1899 786 1958 convertit.

43 1978 91 2034 Μ
112 1978 234 2036 Claudio
256 1979 354 2037 clienti
374 1979 526 2055 negotium
546 1975 635 2044 dedit,
649 1989 683 2035 ut
698 1977 788 2055 virgi·

44 2055 157 2114 nemin
171 2055 342 2115 servitutem
353 2068 504 2127 assereret,
511 2055 606 2122 neone
618 2059 735 2114 cederet
744 2079 788 2116 se-

47 2133 198 2192 cundum
210 2131 374 2194 libertatem
393 2125 604 2211 postulantibus
625 2133 785 2194 nundinius:

46 2213 127 2290 qubd
139 2225 222 2286 pater
234 2207 345 2288 puella:
348 2218 470 2306 abesset,
483 2214 600 2274 locum
593 2213 711 2289 mjuriae
723 2235 787 2275 esse

48 2301 140 2349 ratus.
166 2291 283 2368 Virgini
297 2292 425 2352 venienti
440 2292 471 2349 in
484 2292 584 2352 sorum
590 2293 647 2363 (ibi
656 2311 785 2367 namque

49 2372 80 2429 in
92 2369 219 2428 tabernis
228 2373 276 2428 litt
253 2380 437 2432 ιιειιιιιιιιι
406 2375 437 2429 ln
439 2371 467 2428 di
478 2372 572 2462 erant)
581 2367 715 2430 minister
728 2370 788 2430 De-

50 2465 173 2506 cemvnr
193 2449 319 2507 libidinis
338 2469 461 2508 manum
481 2450 604 2528 injecit;
624 2452 710 2508 serva
732 2455 787 2508 sua

50 2539 148 2594 natam
161 2525 347 2602 (servamque
360 2531 522 2604 appellans)
535 2548 623 2586 esse.
646 2527 788 2602 aequique

52 2626 84 2663 se
95 2605 228 2684 jubebat3
249 2609 433 2665 cunctantem
447 2628 476 2664 v1
467 2607 713 2666 'abstracturum
734 2606 789 2661 Pa-

52 2684 119 2742 nida
138 2685 244 2776 puella
253 2694 398 2759 stupente,
418 2687 455 2743 ad
476 2689 638 2743 clamorem
656 2681 790 2748 nutricis,

52 2764 139 2822 iidem
159 2760 322 2839 Quiritium
341 2763 538 2838 implorantis,
564 2764 598 2822 lit
618 2775 791 2820 concursus.
