1875 3267
131 407 293 490 paramus?
314 408 397 466 Dlnn
411 410 480 466 haec
494 408 701 465 imminebunt
724 406 812 484 juga,
828 404 881 479 qui

129 507 161 549 tu
171 492 206 547 ad
220 492 334 546 hostem
353 487 470 544 venies?
483 486 612 553 Armati,
624 488 772 555 inermes,
785 484 880 550 fortes,

129 568 234 644 ignavi,
246 567 356 638 pariter
368 584 472 623 omnes
486 565 562 639 capti
576 575 670 638 atque
684 565 759 620 victi
771 581 880 621 sumus.

129 651 176 704 Ne
190 646 303 703 fenum
324 646 442 720 quidem
456 645 492 701 ad
505 641 580 699 bene
593 644 793 701 moriendum
807 644 879 699 obla·

127 736 211 782 turns
221 737 266 781 est
279 722 388 780 hostis:
409 724 513 779 sedens
525 724 638 777 bellnm
653 721 806 777 conficiet.
821 720 873 777 His

128 804 259 861 invicem
273 801 466 864 sermonibus,
475 800 610 874 quicibi,
625 798 689 873 qna
702 800 818 873 quietis
829 798 878 854 im·

127 901 255 948 mernor,
267 900 326 936 nox
339 882 472 935 traducta
484 888 538 935 est.
550 880 598 935 Ne
614 878 807 935 Samnitibus
821 878 876 951 qui·

130 964 200 1017 dem
213 960 368 1016 consilium
381 958 412 1013 in
423 968 485 1013 tam
495 957 568 1013 laetis
584 959 767 1029 suppetebat
777 958 874 1021 rebus;

128 1037 225 1111 itaque
239 1035 368 1095 universi
387 1036 575 1093 Herennium
594 1034 753 1102 Pontium,
767 1046 874 1109 patrem

129 1118 242 1191 impera
243 1116 386 1188 toris,per
394 1114 506 1171 litteras
516 1114 737 1170 consulendum
749 1124 873 1171 censent

58 1224 81 1239 ··
130 1195 216 1253 Jarn
210 1214 235 1250 rs
259 1193 358 1269 gravis
378 1194 470 1262 annis,
489 1210 547 1249 non
568 1189 753 1247 militaribus
774 1192 875 1255 solum,

130 1276 181 1332 sed
195 1272 328 1329 civilibus
354 1288 472 1347 qnoque
486 1274 666 1328 abscesserat
679 1268 873 1326 muneribus·

128 1350 159 1407 in
173 1369 295 1424 corpore
315 1361 414 1406 tamen
438 1349 542 1407 affecto
564 1348 681 1423 vigebat
706 1346 756 1403 vis
780 1345 874 1416 animi,

128 1427 307 1501 consiliique.
329 1426 359 1483 Is
372 1425 423 1484 nbi
435 1427 556 1502 accepit,
565 1428 601 1483 ad
612 1425 762 1483 Furculas
774 1425 873 1483 Caudi·

127 1523 180 1561 nas
201 1505 277 1561 inter
296 1507 370 1562 duos
393 1509 485 1563 saltus
505 1508 620 1563 clausos
633 1522 701 1561 esse
724 1506 873 1561 exercitus

130 1584 288 1650 Romanoa,
308 1588 460 1641 consultus
480 1586 515 1641 ab
544 1582 652 1639 nuncio
672 1580 739 1651 filii,
764 1583 874 1640 censuit

129 1682 232 1719 omnes
242 1660 309 1720 inde
322 1661 544 1737 quamprinnlm
558 1660 712 1717 inviolatos
726 1661 872 1717 dimitten·

129 1744 183 1799 <los
197 1764 205 1810 3
227 1761 294 1817 qnae
308 1741 359 1798 ubi
375 1751 472 1815 spreta
485 1739 628 1797 sententia
637 1748 691 1801 est,
701 1739 872 1815 iterumque

127 1823 235 1879 eodeni
250 1831 397 1878 remeante
410 1820 518 1875 nuncio
528 1820 745 1889 consulebatur,
757 1819 871 1876 censuit

129 1900 166 1958 ad
177 1918 269 1956 unuin
283 1918 386 1955 omnes
399 1898 622 1954 interficiendos.
656 1898 735 1968 Quae
750 1898 873 1955 ubitam

131 1976 294 2034 discordia'
287 1988 363 2034 mter
377 1997 419 2039 se
441 1979 522 2033 velut
541 1996 579 2033 ex
601 1974 722 2050 ancipiti
744 1978 874 2043 oraculo,

130 2054 268 2145 responsa
282 2058 348 2112 data
361 2064 444 2121 sunt;
467 2052 650 2129 quamquam
669 2052 773 2111 filius
765 2055 870 2145 ipsein

126 2130 232 2207 primis
238 2132 300 2209 jam
308 2135 440 2191 animum
451 2152 565 2208 qnoque
574 2142 623 2207 pat
624 2132 664 2188 ris
677 2134 870 2191 consenuisse

128 2213 159 2267 in
180 2210 287 2268 affecto
308 2230 430 2287 corpore
451 2216 585 2279 rebatnr;
599 2223 698 2269 tamen
723 2228 867 2268 consensu

129 2288 263 2345 omnium
277 2290 370 2347 victus
383 2300 435 2354 est,
448 2302 481 2348 ut
492 2291 592 2365 ipsum
607 2289 637 2345 in
647 2288 815 2347 concilium
826 2310 868 2348 ac-

95 2415 100 2419 .
129 2367 211 2423 ciret.
233 2369 297 2424 Nec
311 2377 447 2444 gravatus
467 2388 567 2437 senex,
581 2370 712 2443 plaustro
726 2368 759 2425 in
773 2380 865 2426 castra
928 2390 929 2425 ι

129 2445 235 2502 dicitnr
253 2446 407 2503 advectus:
437 2458 613 2522 vocatusque
639 2448 668 2503 in
695 2448 865 2515 concilium,
928 2468 929 2525 }

129 2523 172 2581 ita
185 2522 277 2581 ferme
291 2525 407 2583 locutus
420 2545 495 2593 esse,
508 2538 541 2583 ut
554 2526 625 2583 nihil
638 2525 794 2583 sententiae
805 2544 863 2581 snae
928 2588 929 2607 χ

129 2613 275 2668 mutaret;
297 2622 416 2659 caussas
437 2603 554 2661 tantum
575 2603 732 2681 adjiceret:
763 2602 863 2659 Priore

129 2700 160 2735 se
177 2680 307 2744 consilio,
324 2682 403 2751 quod
416 2680 565 2751 optimum
579 2683 711 2745 duceret,
726 2699 801 2737 curn
815 2700 862 2755 po·
883 2698 886 2703 ·
928 2734 929 2747 ,

126 2756 290 2812 tentissimo
303 2759 410 2830 populo
423 2775 477 2829 per
489 2757 595 2832 ingens
608 2758 785 2818 beneficium
798 2774 862 2833 per·
