1875 3267
477 375 520 429 54

127 523 204 597 pede
217 516 299 595 quasi
313 518 421 595 singuli
435 519 556 579 interae
570 518 753 587 dimicarent,
773 518 809 579 in
822 539 873 580 oo·

128 602 197 655 dem
219 598 343 675 vestigio
364 602 485 669 stabant,
497 600 592 658 donec
603 599 746 658 vincendo
766 600 871 657 locum

129 677 183 734 sibi
197 676 324 735 facerent
335 698 343 745 ;
356 689 421 735 tum
435 677 558 735 demdm
572 696 645 754 ergo
657 679 871 751 promovebant

130 756 262 829 gradum,
283 774 377 829 quum
390 757 505 813 hostem
530 765 791 832 postravemntat
804 754 870 814 illos

129 851 223 892 novus
243 833 411 907 excipiebat
431 835 614 893 adversarius
634 832 792 911 fatigatos;
814 852 869 891 nec

129 913 283 981 vulnerati,
311 923 344 970 ut
364 912 434 969 alias
457 914 561 981 solent,
580 912 643 971 acie
662 922 800 985 poterant
819 931 869 970 ex·

129 992 242 1080 cedere,
262 1010 354 1065 quum
369 990 460 1048 hostis
473 990 595 1049 instaret
607 990 625 1049 ai
636 989 740 1060 fronte,
754 988 773 1048 d
784 999 871 1067 tergo

132 1069 178 1125 sui
192 1081 341 1146 urgerent

169 1150 340 1206 Alexander
359 1167 418 1206 non
438 1150 522 1207 ducis
540 1148 638 1225 magis
657 1145 764 1223 quam
767 1147 873 1206 militis

129 1211 254 1285 munera
277 1226 504 1301 exsequebatur,
524 1228 661 1302 opimum
680 1227 771 1284 decus
791 1243 873 1285 caeso

131 1324 201 1380 rege
222 1317 388 1378 expetens;
411 1306 521 1395 quippe
543 1307 653 1363 Darius
671 1324 762 1363 curm
783 1306 873 1363 subli-

129 1385 188 1439 mis
201 1384 356 1449 eminebat,
377 1395 406 1441 et
427 1385 489 1441 suis
501 1389 537 1443 ad
550 1404 583 1443 se
595 1386 749 1452 tuendum,
761 1394 790 1442 et
804 1385 872 1441 bos·

130 1462 207 1517 tibus
230 1462 266 1516 ad
286 1460 524 1530 incessendum,
516 1482 622 1539 ingens
634 1461 873 1522 incitamentum.

132 1541 214 1613 Ergo
240 1537 329 1595 frater
352 1540 418 1632 ejus
445 1545 603 1612 Oxathres,
623 1560 718 1631 quum
743 1544 874 1600 Alexan·

131 1616 246 1674 drum
239 1629 346 1675 instare
380 1619 406 1676 ei
441 1631 583 1691 cerneret,
622 1618 737 1710 equites
765 1621 873 1695 quibus

131 1706 257 1771 praeerat
270 1707 335 1755 ante
349 1698 448 1774 ipsum
461 1718 583 1758 currum
596 1698 678 1776 regis
698 1697 816 1776 objecit,
826 1719 873 1757 ar-

131 1777 190 1843 mis
203 1786 232 1833 et
245 1778 349 1836 robore
360 1779 492 1851 corporis
504 1776 636 1837 multdm
656 1794 745 1869 super
757 1788 873 1837 ceteros
920 1817 921 1858 4

132 1856 285 1945 eminens3
308 1856 406 1913 animo
420 1857 492 1915 verb
504 1869 535 1916 et
554 1857 710 1933 pietate,in
729 1857 874 1929 paucissi-

131 1932 200 2001 mis,
220 1934 270 1989 illo
289 1935 391 2008 utique
411 1936 525 2026 praelio,
542 1939 649 2007 clarus,
668 1935 767 1993 alios
760 1955 874 2012 impro-

132 2011 197 2068 vide
211 2011 351 2067 instantes
364 2016 531 2088 prostravit,
542 2016 641 2073 alios
634 2034 666 2074 ιιι
674 2014 777 2090 sugam
789 2034 874 2073 aver-

131 2088 175 2144 tit.
222 2093 265 2146 At
286 2092 472 2161 Macedones,
491 2108 525 2150 ut
550 2093 628 2152 circa
654 2111 760 2183 regem
779 2105 874 2164 erant,

132 2171 237 2224 mutua
250 2169 448 2229 adhortatione
462 2172 579 2241 firmati,
591 2191 660 2230 cum
673 2171 776 2247 ipsoin
788 2174 874 2247 equi·

131 2256 197 2304 tum
221 2264 330 2322 agmen
352 2248 529 2325 irmmpunt.
574 2252 655 2308 'l’um
673 2248 745 2308 verb
766 2251 873 2308 similis

134 2324 225 2383 ruinae
241 2336 355 2403 strages
371 2340 442 2386 erat.
484 2330 571 2387 Circa
583 2346 710 2387 currum
732 2329 836 2386 Darii
826 2350 871 2420 ιιι-

134 2406 238 2460 cebant
256 2406 429 2465 nobilissimi
450 2408 549 2472 duces,
577 2419 643 2466 ante
668 2410 770 2465 oculos
790 2381 921 2484 regis

134 2477 257 2557 egiregia
271 2497 366 2543 morte
387 2484 526 2554 defuncti,
539 2504 642 2545 omnes
661 2486 693 2542 in
715 2504 767 2543 ora
787 2488 873 2561 proni

134 2560 209 2618 sicut
221 2561 395 2623 dimicantes
415 2566 638 2640 procubuerant,
664 2566 788 2622 adverso
806 2584 873 2622 cor·

134 2657 205 2711 pore
229 2644 397 2702 vulneribus
420 2644 567 2717 acceptisz
583 2646 661 2702 inter
672 2646 727 2700 hos
740 2644 873 2717 Atyzies,

135 2728 165 2771 et
178 2720 396 2791 Rheomithres,
416 2734 446 2779 ct
466 2722 591 2781 Sabaces
610 2732 722 2797 praetor
743 2722 873 2796 AEgypti‚

134 2811 311 2870 magnorum
332 2802 518 2857 exercituum
538 2800 669 2871 praefecti
692 2800 872 2857 noscitaban-
918 2815 920 2820 ·

136 2882 204 2943 tur;
232 2872 308 2929 circa
322 2896 372 2935 eos
395 2880 542 2935 cumulata
564 2889 626 2936 erat
644 2879 777 2954 peditum
791 2878 872 2953 equi·
