1875 3267
417 260 458 317 47

62 420 151 461 mum
177 404 286 461 mentis
308 414 478 479 compotem
502 414 572 463 esse
590 403 690 474 sensit,
716 398 806 458 modd

61 482 168 541 matris
182 484 383 556 sororumque,
401 484 490 541 modo
510 493 596 541 tantae
609 481 740 541 victoriae
755 496 807 553 ap-

62 560 289 635 propinquantis
303 564 459 619 admonere
473 579 529 618 nou
540 561 658 619 destitit.
679 562 722 618 Ut
735 555 809 615 verb

63 638 316 696 medicamentum
330 659 360 696 se
374 638 490 697 diffudit
500 640 528 695 iu
540 656 643 705 ¹venas,
655 636 806 719 etsensim

63 725 125 773 toto
145 734 266 789 corpore
285 718 434 775 salubritas
455 716 571 792 percipi
592 717 694 793 potuit,
710 711 807 793 primo

64 793 185 851 animus
198 794 331 871 vigorem
340 814 436 865 suurn,
450 795 556 873 deinde
569 814 677 871 eorpus
686 809 807 871 quoque

65 874 273 946 expectatione
294 872 439 933 maturids
462 875 668 949 recuperavit;
697 873 805 947 quippe

66 962 136 1022 post
148 952 269 1009 tertium
285 952 366 1011 diem
383 952 473 1027 quam
493 952 524 1009 in
544 955 602 1011 hoc
615 963 691 1011 statu
705 952 808 1017 iuerat,

65 1025 311 1105 inconspectum
336 1032 465 1089 militum
490 1031 580 1099 venit.
620 1034 687 1089 Nec
700 1026 810 1087 avidius

68 1104 169 1179 ipsum
183 1127 286 1183 regern
300 1108 391 1183 quam
399 1108 568 1186 Philippum
580 1110 746 1167 intuebatur
759 1125 812 1162 ex·

68 1184 180 1242 ercitus
191 1209 198 1255 ;
213 1192 305 1261 prose
316 1186 448 1261 quisque,
456 1190 591 1246 dextram
600 1180 811 1266 ejusamplexi,

69 1273 169 1339 grates
182 1266 323 1323 habebant
340 1266 417 1322 velut
430 1268 568 1343 praesenti
587 1268 659 1324 deor
680 1281 810 1338 npmque

68 1344 149 1399 haud
158 1340 242 1400 facil&
250 1344 327 1400 dictu
337 1353 390 1413 est,
399 1328 734 1419 praeteriugeuitani‘illi
740 1356 811 1419 gen·

68 1422 91 1477 ti
106 1438 179 1495 erga
192 1440 278 1497 reges
287 1441 356 1479 suos
364 1424 590 1492 venerationem,
600 1421 743 1498 quanttim
757 1423 812 1478 hu·

68 1500 118 1577 jus
126 1518 244 1573 quoque
254 1500 387 1575 regisvel
397 1501 581 1559 admirationi
590 1503 680 1560 dediti
689 1498 812 1566 fuerint,

72 1578 120 1633 vel
134 1576 251 1634 caritate
271 1578 466 1653 flagraverint.
507 1582 573 1637 Jam
590 1579 723 1654 primiun
737 1576 812 1633 nihii

71 1652 131 1711 nisi
145 1653 240 1711 divina
252 1660 305 1727 ope'
314 1658 434 1731 aggredi
442 1658 593 1715 videbatur
605 1680 613 1725 3
626 1676 705 1721 nam,
715 1672 811 1728 quum

72 1743 152 1789 esset
166 1733 272 1807 praestb
286 1733 394 1807 ubique
407 1732 532 1800 fortuna,
543 1736 695 1791 temeritas
706 1733 736 1787 in
751 1732 813 1805 glo-

72 1811 148 1867 riam
163 1821 300 1869 cesserat.
330 1812 543 1885 AEtasquoque‚
555 1810 606 1866 vix
619 1808 707 1869 tantis
719 1818 815 1865 matu·

72 1907 106 1945 ra
120 1891 217 1957 rebus,
237 1893 288 1948 sed
300 1888 412 1967 abunde
431 1891 587 1956 sufficiens,
607 1890 704 1946 onmia
725 1886 813 1944 etiam

73 1968 138 2045 ejus
151 1974 241 2039 opera
252 1970 438 2027 honestabat:
460 1979 490 2025 et
501 1986 568 2043 quae
588 1968 696 2025 leviora
714 1966 815 2023 haberi

74 2047 177 2114 soient,
191 2047 365 2122 plerumque
386 2049 416 2105 in
437 2067 468 2105 re
482 2047 601 2103 militari
615 2048 742 2123 gratiora
755 2046 816 2101 vul·

75 2122 114 2199 gb
128 2137 215 2192 sunt;
236 2125 406 2201 exe1·citati0
420 2126 550 2197 corporis
562 2125 638 2182 inter
651 2122 739 2197 ipsos²
753 2126 814 2181 cul·

74 2215 122 2259 tus
136 2202 308 2275 habitusque
321 2202 475 2278 paululdm
494 2202 634 2277 aprivato
648 2205 816 2270 abhorrens,

75 2280 212 2338 militaris
224 2281 326 2357 vigor;
347 2286 413 2355 quis
433 2280 483 2339 ilie
505 2286 550 2338 vel
571 2280 681 2357 ingenii
702 2281 815 2337 dotibus

76 2362 121 2415 vel
135 2358 227 2416 animi
240 2360 358 2427 artibus,
367 2372 399 2419 ut
411 2362 520 2438 pariter
530 2378 615 2419 carus
629 2379 663 2417 ac
677 2374 815 2418 veneran-

76 2438 132 2495 dus
145 2448 234 2507 esset,
247 2440 393 2499 effecerat.
