1875 3267
443 230 484 285 79

79 321 145 398 que
158 332 314 400 oporteret,
328 325 380 382 sed
390 343 440 383 eos
453 325 505 400 qui
512 325 717 400 magnitudine
725 343 828 384 rerum

79 402 179 460 fidem
193 402 427 461 antecessissent.

104 481 193 546 ‚Haec
206 492 236 538 et
249 483 295 538 his
305 481 413 540 similia
423 483 485 540 laeti
499 483 617 541 audiere
627 483 770 560 juvenes:
786 485 830 540 in-

79 571 169 638 grata
177 561 339 618 senioribus
352 571 444 630 erant,
452 557 583 618 maxime
591 574 708 638 propter
718 563 829 638 Philip-

81 659 173 715 pum,
188 641 243 696 sub
255 659 314 714 quo
328 637 439 696 diutinis
448 641 592 697 vixerant.
622 643 705 698 Tum
718 642 827 707 Clitus,

81 737 123 775 ne
134 719 200 790 ipse
210 716 333 790 quidem
345 715 414 776 satis
434 717 557 788 sobrius,
571 721 607 777 ad
621 721 734 795 eosqui
751 720 828 777 infra

80 797 189 874 ipsum
208 797 350 854 cubabant
369 815 539 865 conversus,
555 797 705 872 Euripidis
728 801 828 858 retulit

82 891 219 943 carmen,
232 873 273 930 ita
290 886 322 934 ut
336 893 423 932 sonus
436 874 534 950 magis
552 876 645 951 quaim
659 895 758 936 sermo
775 897 827 936 ex·

84 953 186 1012 audiri
205 965 305 1028 posset
318 953 335 1011 ti
348 973 429 1029 rege,
442 972 502 1030 quo
515 954 739 1030 significabatur,
753 954 828 1012 male

85 1031 250 1091 instituisse
269 1034 394 1091 Graecos
408 1032 486 1108 quod
500 1035 621 1107 tropaeis
634 1053 741 1110 regum
755 1037 828 1092 dun·

85 1122 172 1168 taxat
184 1113 302 1168 nomina
315 1111 553 1180 inscriberentur,
562 1112 656 1170 alieno
670 1114 749 1170 enim
763 1112 828 1171 sanss

87 1190 180 1268 guine
192 1201 305 1264 partam
329 1191 452 1266 gloriam
476 1190 631 1266 intercipi:
654 1194 752 1268 itaque
765 1210 829 1261 rex,

87 1289 185 1344 quum
205 1267 402 1344 suspicaretur
423 1267 584 1345 malignius
608 1273 743 1330 habitum
762 1288 827 1328 esse

87 1366 268 1416 sermonem,
278 1349 441 1422 percontari
455 1347 608 1422 proximos
616 1351 703 1425 coepit
710 1350 780 1424 quid
788 1367 828 1405 ex

90 1427 170 1484 Clito
183 1425 332 1484 audissent
344 1448 353 1490 ;
376 1437 405 1483 et
419 1427 475 1483 illis
489 1429 525 1484 ad
536 1429 687 1486 silentium
701 1428 828 1495 obstina-

91 1503 142 1573 tis,
162 1507 256 1564 Clitus
269 1503 409 1578 paulatim
423 1505 537 1582 majore
551 1526 624 1566 voce
637 1508 766 1580 Philippi
780 1525 827 1562 ac-

92 1596 122 1640 ta
141 1586 273 1659 bellaque
293 1585 323 1644 in
351 1586 472 1642 Graecia
503 1599 584 1658 gesta
604 1594 828 1652 commemorat,

92 1663 192 1720 omnia
215 1663 410 1738 praessntibus
432 1666 600 1738 praeferens.
652 1666 732 1722 Hinc
752 1664 829 1720 inter

87 1741 223 1818 juniores
232 1761 374 1819 senesque
389 1754 452 1800 orta
466 1743 611 1801 contentio
629 1754 691 1800 est:
713 1753 743 1798 et
763 1759 828 1807 rex,

94 1824 174 1878 velut
185 1823 326 1895 patienter
347 1820 460 1878 audiret
479 1824 548 1896 quis
570 1822 664 1879 Clitus
683 1823 830 1880 obterebat

93 1901 194 1956 laudes
208 1900 283 1975 ejus,
296 1901 446 1976 ingentem
461 1901 536 1958 iram
550 1914 731 1973 conceperat.
761 1901 830 1956 Cae·

94 1976 203 2039 terrim,
212 1998 306 2053 quum
320 1980 419 2036 animo
434 1980 582 2038 videretur
595 1981 790 2055 imperaturus
804 1977 829 2034 si

95 2058 184 2113 finem
195 2057 354 2130 procaciter
367 2068 430 2114 orto
444 2061 572 2117 sermoni
590 2059 683 2117 Clitus
697 2062 830 2133 impone·

95 2145 149 2202 ret,
171 2136 243 2192 nihil
267 2155 302 2192 eo
324 2137 500 2204 remittente,
521 2139 617 2214 magis
640 2144 829 2213 exasperaba-

96 2224 165 2270 tur:
185 2214 305 2290 jamque
320 2215 414 2273 Clitus
432 2217 521 2273 etiam
544 2220 766 2275 Parmenionem
779 2221 828 2275 de·

97 2291 213 2348 iendere
226 2295 355 2362 audebat,
368 2303 397 2350 et
409 2295 537 2369 Philippi
551 2298 587 2351 de
601 2298 829 2354 Atheniensibus

98 2372 249 2428 victoriam
264 2373 431 2429 Thebarum
447 2374 620 2445 praeferebat
633 2373 756 2442 excidio,
769 2394 828 2432 non

98 2451 164 2507 vino
173 2449 271 2516 modo,
280 2453 330 2506 sed
340 2451 429 2508 etiam
442 2452 531 2509 animi
541 2456 632 2526 prava
646 2454 828 2512 contentione

96 2541 262 2605 provectus.
295 2567 297 2572 -

136 2610 183 2667 Ad
203 2607 351 2676 ultimum,
364 2610 395 2666 Si
408 2608 714 2684 moriendum,inquit‚
723 2623 828 2682 estpro

13 2713 15 2762 j
97 2701 134 2759 te,
148 2689 244 2746 Clitus
255 2699 299 2744 est
312 2688 424 2763 primus
436 2710 443 2757 3
465 2699 494 2746 at
506 2707 601 2764 quum
614 2689 742 2762 victoriae
757 2690 830 2745 arbi-
