1875 3267
463 268 525 326 1³6

116 429 211 477 castra
226 425 351 474 ventum·
367 425 420 485 est,
438 415 672 491 nunciatumque
692 414 869 488 Coriolano,

114 498 215 554 adesse
227 492 334 570 ingens
349 494 509 554 mulierum
522 512 641 570 agmen,
659 494 691 551 in
703 494 820 568 primi),
831 508 867 554 ut

113 574 166 650 qui
185 591 241 631 nec
263 572 381 647 publica
402 569 555 650 majestate
575 571 607 629 in
620 573 738 648 legatis,
756 576 868 636 necin

113 651 311 710 sacerdotibus
322 655 401 712 tanta
415 650 620 718 offusaoculis,
639 650 808 726 animoque
819 667 868 710 re·

111 728 223 804 ligione
236 741 335 790 motus
347 739 444 796 essem
464 728 560 784 multd
573 727 750 786 obstinatior
761 732 867 788 adver·

112 805 164 865 sris
184 809 329 882 lacrymas
352 808 510 866 muliebres
532 818 604 866 erat.
637 805 720 865 Dein
736 807 865 867 familis·

110 886 189 944 rium
203 888 331 962 quidam,
344 884 394 961 qui
405 884 555 960 insignem
564 884 796 943 moestitiainter
806 906 865 947 cae-

110 974 189 1023 teras
203 976 378 1040 cognoverat
390 962 559 1034 Veturiam,
576 964 654 1021 inter
672 981 792 1022 nurum
812 983 865 1024 ne·

108 1053 253 1119 potesque
274 1052 418 1110 stantem
441 1042 510 1100 Nisi
532 1061 583 1100 me
604 1042 797 1112 frustrantur,
818 1044 864 1102 in·

109 1121 185 1196 quit,
205 1122 290 1189 oculi,
310 1132 405 1181 mater
416 1119 468 1178 tibi
479 1120 648 1197 conjuxque
660 1129 691 1178 et
703 1120 794 1179 liberi
813 1125 863 1181 ad·

109 1212 188 1259 sunt.
220 1199 392 1260 Coriolanus
405 1198 496 1276 prope
509 1210 541 1257 ut
556 1218 667 1268 amens,
687 1209 863 1260 consterna·

108 1287 168 1347 tus,
181 1281 216 1336 ab
229 1280 297 1336 sede
306 1282 359 1337 sua
368 1277 465 1354 quum
474 1277 565 1337 ferret
572 1278 659 1336 matn'
667 1278 766 1337 obriae
776 1298 863 1338 eom·

27 1377 31 1386 ’
108 1358 252 1428 plexum
272 1356 381 1414 mulier
399 1355 430 1413 in
453 1357 530 1415 iram
550 1375 589 1414 ex
609 1355 749 1431 precibus
762 1375 861 1428 versa,

107 1432 190 1502 Sine,
210 1432 383 1508 priusquam
403 1437 596 1510 complexum
608 1434 731 1508 accipio,
753 1437 860 1509 sciam,
920 1464 921 1487 ,

103 1509 211 1584 inquit,
224 1512 261 1570 ad
273 1513 387 1572 hostem
400 1529 437 1569 an
451 1515 488 1571 ad
500 1513 597 1582 lilium
609 1511 765 1572 venerims
786 1533 861 1590 cap·

105 1587 168 1648 tiva
180 1599 323 1658 materne,
342 1591 373 1648 in
387 1591 491 1649 castris
503 1592 563 1652 tuis
577 1591 655 1650 sim?
683 1593 720 1650 In
732 1595 794 1652 hoc
808 1614 860 1652 me
920 1600 922 1623 ¹

103 1669 195 1746 longa
213 1669 280 1737 vita,
300 1683 331 1726 et
349 1669 451 1728 infelix
465 1680 582 1729 senecta
593 1670 693 1738 traxit,
713 1682 748 1728 ut
766 1692 859 1731 exsu-

105 1747 169 1806 lem
188 1759 228 1816 te,
246 1746 351 1807 deinde
363 1751 480 1807 hostem
492 1748 643 1806 viderem?
664 1749 791 1809 Potuisti
804 1771 859 1827 po·

105 1827 202 1900 pulari
214 1829 289 1886 hanc
299 1838 418 1894 terram,
431 1846 498 1902 quae
509 1837 538 1883 te
549 1831 651 1903 genuit
663 1835 752 1901 atque
763 1833 858 1889 aluitl

104 1905 177 1964 Non
198 1905 261 1974 tibi,
286 1907 420 1980 quamvis
442 1904 550 1963 infesto
568 1903 668 1962 animo
688 1916 718 1961 et
738 1906 858 1968 minaci
918 1972 920 1989 Ι

105 1999 293 2058 perveneras,
306 1982 483 2058 ingredienti
492 1983 575 2050 fines,
585 1981 630 2040 ira
643 1982 769 2041 cecidit?
784 1988 857 2047 Non

104 2059 201 2134 qurlm
214 2062 243 2118 in
257 2070 416 2134 conspeetu
431 2063 527 2120 Roma
544 2060 607 2129 fuit,
627 2061 790 2135 succurrit,
808 2065 857 2124 in.

104 2145 151 2196 tra
159 2138 208 2196 illa
220 2137 328 2194 moenia
338 2138 445 2198 domus
455 2160 490 2199 ac
497 2149 619 2215 penates
626 2137 687 2196 mei
696 2150 776 2212 sunt,
789 2163 855 2204 ma·
917 2150 919 2173 ¹

104 2225 160 2285 ter,
181 2213 303 2292 conjux,
321 2211 486 2292 liberique?
514 2215 598 2294 Ergo
611 2235 668 2294 ego
680 2219 739 2278 nisi
759 2239 855 2298 pepe-

103 2291 222 2363 rissem,
235 2295 331 2354 Roma
345 2311 403 2352 non
414 2306 643 2373 oppugnaretur.
672 2295 741 2354 Nisi
754 2298 854 2359 filium

104 2371 254 2441 haberem,
267 2371 356 2432 libera
367 2371 398 2430 in
411 2375 503 2434 libert
512 2374 732 2447 patriamortua
740 2395 851 2438 essem·
915 2380 916 2387 ’

104 2449 165 2508 Sed
178 2470 234 2527 ego
245 2451 318 2508 nihil
329 2451 392 2530 jam
404 2454 473 2526 pati,
489 2470 544 2511 nec
555 2452 608 2510 tm
620 2451 740 2528 turpids
752 2455 852 2531 quum

104 2528 180 2588 mihi
193 2528 330 2587 miserirls
342 2547 485 2605 possum=
505 2549 561 2589 nec
582 2539 617 2588 ut
635 2530 695 2589 sim
715 2531 852 2593 miserri-

104 2627 164 2677 ma,
182 2605 233 2666 diri
245 2607 343 2665 futura
365 2628 441 2666 sum.
480 2608 529 2666 De
550 2609 596 2667 his
616 2608 742 2668 videris:
763 2631 850 2687 quos,

106 2686 131 2744 si
144 2685 254 2762 pergis,
273 2697 324 2744 aut
336 2687 493 2748 immatura
511 2705 608 2758 mors,
622 2698 679 2744 aut*
686 2691 774 2766 longa
787 2710 848 2750 ser·

105 2764 183 2824 vitre
201 2775 307 2826 mmet.
346 2765 434 2825 Uxor
446 2765 549 2826 deinde
562 2785 596 2826 ac
608 2763 692 2828 liberi
704 2768 845 2845 amplexi,
