1875 3267
430 206 470 262 57

74 348 166 417 tibus,
183 345 369 438 Sysigambis
390 348 524 407 advoluta
541 357 584 407 est
579 349 767 443 pedibus
741 370 815 429 ejus,

74 425 295 505 ignorationem
306 445 454 500 nunquam
468 438 550 485 autea
561 426 614 485 visi
627 430 705 505 regis
726 448 817 488 exeu-

78 524 155 564 sans
176 506 277 578 Quam
290 524 381 564 manu
392 507 520 564 allevans
533 522 604 563 rex.
625 508 817 577 Nonerrasti,

76 584 183 658 inquit,
198 584 305 652 Mater,
313 601 384 643 nam
396 594 426 641 et
435 582 483 641 hic
496 585 663 643 Alexander
675 596 727 643 est.

117 662 277 735 Equidem,
290 661 316 719 si
328 664 386 719 hac
404 662 580 721 continentie
593 662 682 719 animi
695 665 730 721 ad
750 664 817 721 ulti·

78 758 166 799 mum
176 739 245 799 vitae
254 758 441 815 perseverare
447 740 600 815 potuisset,
609 739 766 800 feliciorem
775 742 819 801 fu-

79 819 140 876 isse
153 820 317 887 crederem,
329 817 420 893 quam
431 820 513 876 visus
523 829 568 877 est
581 839 654 889 esse,
666 836 758 891 quum
768 822 817 879 Ιί-

77 896 141 955 beri
153 896 246 977 patris
258 897 422 955 imitaretur
440 898 636 973 triumphum,
657 900 692 954 ab
705 900 818 989 Helles-

80 985 172 1049 ponto
184 993 278 1048 usque
297 977 335 1033 ad
353 978 508 1036 Oceanum
528 985 632 1034 omnes
646 986 747 1053 gentes
760 976 818 1035 vic-

79 1054 159 1110 toria
179 1072 340 1145 emensue3
360 1054 487 1115 vicisset
494 1053 626 1129 prosectd
650 1055 819 1129 superbiam

81 1142 169 1204 atque
195 1133 279 1200 iram,
300 1130 403 1191 mala'
396 1132 520 1199 invicta3
541 1132 726 1193 abstinuisset
745 1132 819 1189 inter

81 1212 183 1300 epulas
193 1210 323 1271 caedibus
335 1209 520 1275 amicorum
541 1212 734 1301 egregiosque
746 1212 821 1268 bello

80 1288 169 1357 viros,
181 1299 211 1345 et
222 1297 265 1347 tot
277 1290 411 1366 gentium
418 1308 520 1348 secum
532 1289 699 1357 domitores,
710 1286 821 1347 indicta

79 1386 171 1425 causa
184 1367 294 1425 veritus
306 1379 383 1427 esset
390 1369 535 1426 occidere
555 1368 613 1425 Sed
619 1365 751 1427 noudum
761 1367 819 1425 for·

80 1456 194 1503 tuuase
207 1445 305 1504 animo
324 1445 391 1523 ejus
410 1446 631 1521 superfuderat3
653 1446 749 1518 itaque
762 1445 820 1503 ori·

81 1535 182 1581 entem
195 1542 262 1581 eam
274 1523 421 1583 moderate
431 1535 460 1582 et
469 1524 627 1614 prudenter
639 1524 714 1594 tulit,
727 1525 763 1582 ad
776 1526 820 1582 ul·

81 1603 192 1669 timum
211 1602 482 1693 magnitudinem
457 1622 524 1682 ejus
537 1622 594 1661 non
608 1603 694 1678 cepit.
735 1604 820 1659 Tum

80 1678 221 1753 quidem
214 1692 255 1739 rta
267 1700 299 1738 se
312 1680 413 1777 gessit,
432 1692 467 1737 ut
485 1700 588 1739 omnes
608 1693 673 1737 ante
694 1698 763 1737 eum
777 1697 822 1736 re-

82 1777 137 1833 ges
149 1768 180 1814 et
200 1758 378 1816 continentia
397 1769 436 1816 et
447 1758 604 1817 clementia
625 1756 821 1814 vincerentur.

81 1834 227 1910 Virgines
240 1835 319 1892 enim
332 1835 439 1913 regias,
452 1835 621 1894 excellentis
635 1834 748 1902 formae,
761 1844 823 1891 tam

81 1911 183 1972 sancte
198 1911 306 1981 habuit,
316 1916 407 1986 quarr
418 1933 442 1972 st
433 1914 559 1975 eodem
572 1931 630 1984 quo
642 1910 707 1986 ipse
721 1928 823 1986 paren-

81 2004 111 2049 te
125 1992 236 2067 genitae
255 1990 368 2048 forent·
390 1993 548 2071 conjugem
569 1990 716 2082 ejusdem,
733 2008 823 2081 quam

81 2070 165 2127 nulla
178 2068 273 2128 aetatis
285 2088 346 2127 suae
368 2072 585 2145 pulchritudine
603 2070 734 2143 corporis
745 2070 824 2136 vicit,

83 2146 179 2205 aded
171 2165 236 2221 ipse
249 2166 308 2205 non
318 2149 442 2217 violavit,
454 2160 487 2207 ut
499 2166 646 2207 summam
661 2148 836 2205 adtribuerit

82 2243 189 2283 curam
200 2226 313 2295 nequis
325 2225 439 2300 captivo
458 2244 575 2300 corpori
565 2224 737 2283 illuderet.
758 2244 822 2283 om·

82 2321 156 2361 nem
176 2304 290 2360 cultum
310 2305 391 2362 reddi
411 2303 528 2363 seminis
545 2303 651 2394 jussit3
672 2321 727 2365 nec
741 2305 823 2377 quic·

82 2398 175 2453 quam
185 2399 223 2438 ex
234 2381 365 2455 pristinae
378 2382 500 2440 fortunae
510 2380 725 2457 magnificentia
735 2381 824 2456 eapti-

83 2459 141 2526 vis,
152 2468 264 2534 praeter
275 2458 423 2527 fiduciam,
435 2460 538 2519 defuit.
559 2462 657 2533 ltaque
671 2460 823 2549 Sysigam-

83 2536 150 2595 bis.
166 2537 263 2604 Rex,
254 2539 355 2610 inquit,
364 2540 496 2607 mereris,
505 2548 538 2601 ut
548 2558 582 2595 ea
594 2556 749 2612 precemur
762 2537 824 2605 tibi,

85 2632 155 2688 quae
169 2613 263 2672 Dario
274 2626 376 2673 nostro
393 2618 537 2689 quondam
558 2629 684 2690 precatae
697 2632 822 2679 sumus;

88 2704 128 2763 et,
142 2704 176 2752 ut
188 2692 281 2767 video,
292 2695 400 2771 dignus
411 2714 443 2754 cs
452 2695 503 2770 qui
513 2702 628 2754 tantum
640 2710 752 2770 regem,
764 2700 824 2751 non
