1875 3267
415 301 479 358 237

76 447 177 512 dcatre
186 445 333 520 praelium,
340 443 426 519 quade
436 445 498 521 jam
508 446 585 505 haud
593 447 681 507 dubie
689 447 820 509 hostium

76 525 203 582 victorie
216 523 280 592 fuit,
293 521 386 598 qudm
398 525 470 582 uicti
482 524 560 583 mori
571 524 602 582 in
611 528 734 603 vestigio
745 530 820 586 mal·

75 605 149 672 lent,
161 601 252 678 quam
264 604 385 680 sugere;
400 599 527 660 victores
540 599 717 667 morantibus
729 604 824 672 victos

75 680 244 753 riam'irati,
255 682 434 740 trucidarent
453 701 531 757 quos
541 685 650 755 pellere
665 703 727 749 oon
739 697 822 761 pote·

75 771 152 820 rant.
185 762 363 836 Pepulerunt
376 771 474 838 tamen
485 760 548 837 jam
560 779 670 836 paucos
682 781 821 840 superan-

75 851 132 908 tes,
145 849 176 898 et
188 841 285 898 labore
298 859 331 898 ac
344 839 511 900 vulneribus
524 839 623 899 fessos.
658 843 729 900 Inde
738 841 821 902 dissi·

74 918 138 993 pati
151 935 255 976 omnes
264 921 349 978 sunt:
369 937 521 994 equosque
534 920 570 976 ad
583 918 695 996 fugam,
707 921 757 994 qni
771 939 824 995 po·

74 1007 183 1070 terant,
193 1001 370 1072 repetebant.
391 999 447 1056 Cn.
467 1000 613 1057 homulus
622 999 757 1056 tribunus
766 1000 823 1056 mi·

75 1075 178 1145 litum,
190 1075 284 1151 qurim
298 1077 517 1152 praetervehens
529 1096 614 1152 equo,
628 1079 779 1136 sedentem
793 1078 825 1137 in

75 1171 154 1212 saxo
166 1173 272 1213 cruore
293 1157 445 1230 oppletum
461 1158 613 1214 consulem
633 1156 772 1214 vidisset:
787 1158 823 1215 L.

75 1233 190 1304 inmiti,
210 1234 312 1308 inquit,
332 1253 422 1310 quem
441 1252 534 1293 unum
555 1233 702 1292 insontem
726 1238 823 1309 culpae

77 1313 170 1372 ciadis
190 1312 340 1372 hodiernae
363 1313 412 1372 Dii
439 1314 587 1388 respicere
606 1315 730 1381 debent;
750 1332 826 1389 cape

73 1393 159 1456 hunc
177 1411 297 1467 equum,
310 1390 382 1450 dtim
396 1401 426 1450 et
438 1391 490 1450 tibi
504 1393 612 1451 virium
619 1392 729 1466 aliquid
738 1409 825 1467 supe·

76 1482 148 1530 rest.
189 1475 299 1529 Comes
312 1491 368 1548 ego
381 1482 410 1529 te
422 1473 525 1529 tollere
544 1490 665 1546 possum
679 1491 713 1529 ac
726 1483 824 1548 prote·
926 1500 927 1503 ¹

77 1567 160 1627 gere,
172 1567 209 1607 ne
223 1551 366 1610 funestam
380 1552 455 1610 hanc
465 1565 596 1622 pugnam
609 1562 705 1610 morte
719 1569 825 1608 conau-
926 1608 927 1611 ,

76 1629 116 1687 lis
128 1628 241 1690 feceris·
274 1630 382 1688 'Etiam
393 1629 455 1687 sine
470 1631 526 1686 hoc
539 1630 740 1702 lacrymarum
753 1627 825 1687 satis

77 1709 236 1780 locataque
246 1719 299 1768 est.
321 1709 369 1769 Ad
377 1728 412 1767 ea
421 1709 531 1766 Consul
542 1728 551 1762 t
566 1708 615 1765 Tu
626 1705 757 1780 quidem,
768 1708 824 1764 Cn.

79 1785 209 1856 Comeli,
220 1800 318 1846 macte
332 1787 438 1846 virtute
452 1786 534 1844 esto!
556 1786 614 1842 Sed
627 1803 696 1841 cave
716 1782 825 1841 frustrat

79 1866 257 1935 miserando,
271 1867 416 1942 exiguum
430 1861 574 1939 tempus&
587 1862 723 1920 manibus
736 1862 825 1920 hosti·
927 1863 929 1872 ⁴

79 1961 136 2001 um
156 1946 296 2003 evadendi
315 1947 460 2004 absumas.
501 1942 570 2010 Abi,
582 1941 689 1998 nuncia
709 1938 825 2014 publice

80 2023 226 2094 Patribus,
247 2027 351 2083 urbem
374 2022 505 2080 Romam
523 2021 665 2089 muniant,
677 2039 711 2077 ac
731 2020 826 2095 prius·

80 2101 173 2178 quim
183 2104 274 2160 hostis
284 2104 375 2161 victor
385 2098 824 2175 adveniat,proesidiisfirment=

79 2177 278 2256 privatimque
292 2182 329 2252 Q.
343 2181 440 2250 Fabio,
453 2181 488 2237 L.
498 2179 648 2239 AEmilium
664 2188 827 2251 praecepto-

80 2275 151 2338 rum
164 2262 228 2338 ejus
241 2277 405 2318 memorem
415 2269 443 2316 et
453 2259 575 2327 vixisse,
586 2270 615 2316 et
627 2259 723 2315 adhuc
738 2257 825 2314 mori.

74 2339 133 2398 ·Tu
147 2338 237 2398 mein
250 2342 306 2396 haic
327 2350 424 2414 strage
438 2339 566 2396 militum
578 2355 712 2395 meorum
726 2345 825 2408 patere

80 2419 228 2492 expirare,
237 2437 275 2476 nc
295 2427 344 2476 aut
356 2435 424 2474 reus
444 2419 551 2474 iterum
565 2415 581 2472 ὲ
594 2417 744 2472 consulatu
758 2414 826 2483 sim,

79 2509 131 2556 aut
143 2507 293 2556 accusator
310 2498 432 2571 collegae
452 2497 591 2564 existam,
602 2504 634 2552 ut
653 2494 748 2551 alieno
772 2492 828 2549 cri·

79 2575 163 2636 mine
177 2576 374 2634 innocentiam
388 2593 488 2633 meam
502 2585 665 2648 protegam.
688 2573 765 2628 Haec
775 2589 828 2626 ex·

79 2651 207 2730 igentes,
216 2656 299 2730 prius
307 2657 392 2712 turba
402 2651 578 2728 fugientium
591 2652 710 2716 civium,
721 2645 827 2704 deinde

79 2735 189 2804 hostes,
202 2737 377 2809 oppressere
390 2751 397 2785 :
412 2733 573 2797 consulem,
583 2730 751 2805 ignorantes
758 2725 825 2798 quis

78 2825 167 2883 osset,
174 2816 299 2871 obruere
308 2810 393 2878 telis;
408 2811 569 2868 Lentulum
578 2809 653 2865 inter
663 2803 824 2861 tumultum

79 2892 208 2971 abripuit
220 2910 322 2969 equus.
344 2888 426 2946 Tdm
439 2884 606 2945 indeeffuse
615 2883 740 2959 fugiunt.
754 2879 827 2954 Sep·
