1875 3267
452 212 516 267 314

115 371 238 436 utraque
248 358 294 416 his
302 355 412 416 artibus
423 362 549 416 auxerat
558 377 634 434 quas
642 358 731 434 supra
742 377 843 419 memo·

114 443 185 496 ravi.
220 436 380 496 Incitabant
406 436 551 512 praterea
583 441 714 512 corrupti
735 438 845 495 civitatis

112 537 222 584 mores,
238 537 312 591 quos
327 521 457 588 pessima
470 538 503 573 ac
515 519 630 574 diversa
642 519 718 574 inter
728 537 760 574 se
772 520 847 584 mala,

112 597 230 654 luxuria
245 593 331 670 alque
345 597 467 654 avaritia
480 599 623 654 vexabant
654 599 714 654 Res
721 595 783 671 ipsa
791 597 848 652 hor·

112 676 168 734 tari
196 677 320 740 videtur,
346 673 487 749 quoniam
514 678 550 731 de
579 677 714 734 moribus
734 674 848 733 civium

112 767 234 829 tempus
247 755 409 822 admonuit,
431 751 523 827 supra
545 766 691 829 repetere,
711 773 746 811 ac
760 754 849 826 paucis

108 836 243 892 instituta
263 850 421 908 majorum,
442 833 524 891 domi
537 833 712 908 militiaeque
725 850 785 910 quo
796 852 849 890 mo·

114 911 152 972 do
167 913 383 986 rempublicam
400 910 564 981 habuerint,
579 924 781 987 quantamque
795 911 850 969 reli-

113 995 240 1066 querint,
254 1003 284 1050 et
297 1003 331 1046 ut
345 987 487 1064 paulatim
501 991 664 1058 immutata,
675 1012 714 1050 ex
728 993 850 1065 pulcher·

116 1071 203 1140 riml,
232 1074 397 1143 etoptrma,
421 1068 554 1144 pessima
574 1089 609 1127 ac
631 1069 850 1146 flagitiosissima

115 1149 249 1220 iactauit,
259 1150 415 1218 disserere.

152 1309 189 1366 In
203 1311 282 1364 tanta
296 1319 418 1379 tamque
432 1311 575 1382 corrupta
588 1307 716 1377 civitate,
725 1307 849 1375 Catilina,

80 1408 84 1428 ¹
113 1387 157 1460 (id
171 1389 249 1461 quod
262 1386 339 1442 factu
353 1383 528 1445 facillimum
542 1392 617 1456 erat)
627 1387 765 1444 omnium
780 1385 850 1462 flagi-

112 1467 258 1525 tiosorum
272 1476 359 1537 atque
374 1466 604 1539 l'acinorceorum
618 1465 737 1523 circum
744 1485 787 1533 se,
798 1477 850 1522 tau·

114 1543 205 1622 qulm
232 1545 415 1617 stipatorum,
437 1540 570 1610 catervas
592 1544 726 1602 habebat.
780 1544 849 1600 Nam

114 1623 295 1700 quicumque
309 1622 488 1696 impudicus,
509 1625 631 1692 adulter,
643 1642 749 1698 gamen,
763 1640 849 1691 manu,

114 1713 227 1770 ventre,
241 1703 346 1760 scortis
359 1705 433 1760 bona
455 1700 549 1778 patria
572 1705 754 1777 laceraverat
769 1723 777 1771 ς
797 1703 850 1778 qui·

113 1799 173 1858 que
187 1782 317 1840 alienum
333 1797 373 1838 aes
383 1783 494 1856 grande
509 1779 696 1850 conflaverat,
708 1779 849 1857 quuflagi·

114 1860 193 1918 tium
208 1872 260 1918 aut
270 1859 382 1918 facinus
397 1861 578 1928 redimeret·;
600 1858 743 1936 praeterea
756 1878 850 1919 omnes

114 1939 245 2014 undique
254 1938 421 2013 parricidae,
432 1937 579 2014 sacrilegi,
593 1939 719 1997 convicti
727 1939 850 2016 judiciis,

112 2029 162 2075 aut
171 2036 226 2092 pro
235 2018 318 2074 lactis
326 2018 470 2092 jucicium
481 2019 621 2077 timentes
631 2041 645 2075 a
661 2019 773 2090 adhoc,
785 2034 849 2093 quos

112 2114 220 2152 manus
233 2096 611 2174 atquclinguaperjmioct
624 2096 702 2156 civili
717 2098 849 2174 sanguiue

114 2172 208 2232 alebat
232 2193 240 2241 ;
271 2175 423 2248 postremi)
448 2195 564 2245 omnes,
599 2195 674 2250 quos
700 2177 848 2253 flagitium,

113 2263 238 2328 egestas,
253 2254 388 2310 conscius
401 2252 520 2311 animus
528 2257 713 2330 exagitabat:
735 2257 764 2313 hi
778 2253 849 2313 Cati·

113 2333 182 2392 lina
209 2331 340 2406 proximi
366 2332 584 2406 familiaresque
612 2345 705 2391 erant.
727 2334 810 2406 Quid
827 2333 846 2391 si

112 2415 180 2485 quis
194 2411 283 2468 etiam
297 2409 314 2466 a
327 2414 416 2486 culpa
431 2429 550 2468 vacuus
563 2411 594 2468 in
606 2414 766 2472 amicitiam
788 2412 847 2489 ejus

112 2489 253 2550 inciderat
265 2511 272 2555 3
294 2489 463 2563 quotidiano
476 2508 533 2546 usu
546 2494 635 2565 atque
648 2492 802 2556 illecebris,
810 2490 848 2546 fa·

112 2566 169 2623 cile
191 2573 244 2639 par
263 2566 424 2641 similisque
439 2568 547 2624 ceteris
569 2571 757 2628 efficiebatur.
795 2571 846 2627 Sed

111 2643 245 2700 maximi:
258 2645 491 2702 adolescentium
514 2643 727 2706 familiaritates
739 2661 846 2723 appete·
896 2698 898 2703 .

109 2721 176 2789 bat;
198 2741 301 2780 eorum
311 2720 402 2778 animi
416 2724 520 2780 molles
533 2734 564 2780 et
582 2735 668 2784 atate
680 2726 765 2797 fluxi,
780 2728 846 2785 dolis
