<?xml version="1.0" encoding="UTF-8"?>
<!DOCTYPE html PUBLIC "-//W3C//DTD XHTML 1.0 Transitional//EN"
    "http://www.w3.org/TR/xhtml1/DTD/xhtml1-transitional.dtd">
<html xmlns="http://www.w3.org/1999/xhtml" xml:lang="en" lang="en">
 <head>
  <title>
</title>
<meta http-equiv="Content-Type" content="text/html;charset=utf-8" />
  <meta name='ocr-system' content='tesseract 3.04.00' />
  <meta name='ocr-capabilities' content='ocr_page ocr_carea ocr_par ocr_line ocrx_word'/>
</head>
<body>
  <div class='ocr_page' id='page_1' title='image "./narrationesexce00watsgoog_0022.png"; bbox 0 0 1875 3267; ppageno 0'>
   <div class='ocr_carea' id='block_1_1' title="bbox 467 241 508 299">
    <p class='ocr_par' dir='ltr' id='par_1_1' title="bbox 467 241 508 299">
     <span class='ocr_line' id='line_1_1' title="bbox 467 241 508 299; baseline 0.049 -2"><span class='ocrx_word' id='word_1_1' title='bbox 467 241 508 299; x_wconf 83' lang='lat'><strong>17</strong></span> 
     </span>
    </p>
   </div>
   <div class='ocr_carea' id='block_1_2' title="bbox 112 384 857 463">
    <p class='ocr_par' dir='ltr' id='par_1_2' title="bbox 112 384 857 463">
     <span class='ocr_line' id='line_1_2' title="bbox 112 384 857 463; baseline 0.005 -20"><span class='ocrx_word' id='word_1_2' title='bbox 112 384 249 444; x_wconf 72' lang='lat' dir='ltr'><strong>blultilm</strong></span> <span class='ocrx_word' id='word_1_3' title='bbox 261 386 290 445; x_wconf 90' lang='lat' dir='ltr'><strong>in</strong></span> <span class='ocrx_word' id='word_1_4' title='bbox 306 386 521 462; x_wconf 78' lang='lat' dir='ltr'><strong>longitudinem</strong></span> <span class='ocrx_word' id='word_1_5' title='bbox 534 397 564 444; x_wconf 86' lang='lat' dir='ltr'><strong>et</strong></span> <span class='ocrx_word' id='word_1_6' title='bbox 572 386 755 458; x_wconf 80' lang='lat' dir='ltr'><strong>latitudinem</strong></span> <span class='ocrx_word' id='word_1_7' title='bbox 770 400 857 463; x_wconf 84' lang='lat' dir='ltr'><strong>patet.</strong></span> 
     </span>
    </p>
   </div>
   <div class='ocr_carea' id='block_1_3' title="bbox 111 465 859 619">
    <p class='ocr_par' dir='ltr' id='par_1_3' title="bbox 111 465 858 619">
     <span class='ocr_line' id='line_1_3' title="bbox 111 465 858 542; baseline 0.005 -20"><span class='ocrx_word' id='word_1_8' title='bbox 111 466 295 523; x_wconf 85' lang='lat' dir='ltr'><strong>Hominibus</strong></span> <span class='ocrx_word' id='word_1_9' title='bbox 316 465 393 523; x_wconf 81' lang='lat' dir='ltr'><strong>inter</strong></span> <span class='ocrx_word' id='word_1_10' title='bbox 416 470 447 523; x_wconf 81' lang='lat' dir='ltr'><strong>&#39;se</strong></span> <span class='ocrx_word' id='word_1_11' title='bbox 470 465 545 523; x_wconf 91' lang='lat' dir='ltr'><strong>nulli</strong></span> <span class='ocrx_word' id='word_1_12' title='bbox 562 466 643 533; x_wconf 77' lang='lat' dir='ltr'><strong>lines,</strong></span> <span class='ocrx_word' id='word_1_13' title='bbox 664 468 858 542; x_wconf 87' lang='lat' dir='ltr'><strong>nequeenim</strong></span> 
     </span>
     <span class='ocr_line' id='line_1_4' title="bbox 111 543 859 619; baseline 0.011 -20"><span class='ocrx_word' id='word_1_14' title='bbox 111 561 236 619; x_wconf 85' lang='lat' dir='ltr'><strong>agrum</strong></span> <span class='ocrx_word' id='word_1_15' title='bbox 235 552 395 601; x_wconf 82' lang='lat' dir='ltr'><strong>exercent</strong></span> <span class='ocrx_word' id='word_1_16' title='bbox 409 560 465 602; x_wconf 91' lang='lat' dir='ltr'><strong>nec</strong></span> <span class='ocrx_word' id='word_1_17' title='bbox 472 546 577 602; x_wconf 88' lang='lat' dir='ltr'><strong>domus</strong></span> <span class='ocrx_word' id='word_1_18' title='bbox 585 543 643 603; x_wconf 78' lang='lat' dir='ltr'><strong>illis</strong></span> <span class='ocrx_word' id='word_1_19' title='bbox 651 547 720 615; x_wconf 89' lang='lat' dir='ltr'><strong>ulla,</strong></span> <span class='ocrx_word' id='word_1_20' title='bbox 733 555 786 605; x_wconf 85' lang='lat' dir='ltr'><strong>aut</strong></span> <span class='ocrx_word' id='word_1_21' title='bbox 797 556 859 607; x_wconf 88' lang='lat' dir='ltr'><strong>tec·</strong></span> 
     </span>
    </p>
   </div>
   <div class='ocr_carea' id='block_1_4' title="bbox 25 622 860 701">
    <p class='ocr_par' dir='ltr' id='par_1_4' title="bbox 25 622 860 701">
     <span class='ocr_line' id='line_1_5' title="bbox 25 622 860 701; baseline 0.005 -24"><span class='ocrx_word' id='word_1_22' title='bbox 25 638 27 650; x_wconf 74' lang='lat'>¹</span> <span class='ocrx_word' id='word_1_23' title='bbox 109 633 189 690; x_wconf 87' lang='lat' dir='ltr'><strong>tum,</strong></span> <span class='ocrx_word' id='word_1_24' title='bbox 206 634 256 679; x_wconf 86' lang='lat' dir='ltr'><strong>aut</strong></span> <span class='ocrx_word' id='word_1_25' title='bbox 269 622 422 690; x_wconf 67' lang='lat' dir='ltr'><strong>sedentem,</strong></span> <span class='ocrx_word' id='word_1_26' title='bbox 434 634 569 681; x_wconf 83' lang='lat' dir='ltr'><strong>armenta</strong></span> <span class='ocrx_word' id='word_1_27' title='bbox 581 638 610 680; x_wconf 91' lang='lat' dir='ltr'><strong>et</strong></span> <span class='ocrx_word' id='word_1_28' title='bbox 619 642 726 699; x_wconf 85' lang='lat' dir='ltr'><strong>pecora</strong></span> <span class='ocrx_word' id='word_1_29' title='bbox 738 640 860 701; x_wconf 79' lang='lat' dir='ltr'>semper</span> 
     </span>
    </p>
   </div>
   <div class='ocr_carea' id='block_1_5' title="bbox 102 700 934 2353">
    <p class='ocr_par' dir='ltr' id='par_1_5' title="bbox 102 700 934 2353">
     <span class='ocr_line' id='line_1_6' title="bbox 109 700 860 792; baseline 0.005 -35"><span class='ocrx_word' id='word_1_30' title='bbox 109 700 308 775; x_wconf 88' lang='lat' dir='ltr'><strong>pascentibus,</strong></span> <span class='ocrx_word' id='word_1_31' title='bbox 330 712 359 757; x_wconf 89' lang='lat' dir='ltr'><strong>et</strong></span> <span class='ocrx_word' id='word_1_32' title='bbox 371 719 425 775; x_wconf 86' lang='lat' dir='ltr'><strong>per</strong></span> <span class='ocrx_word' id='word_1_33' title='bbox 435 700 562 759; x_wconf 84' lang='lat' dir='ltr'><strong>incultas</strong></span> <span class='ocrx_word' id='word_1_34' title='bbox 574 703 746 792; x_wconf 74' lang='lat' dir='ltr'><strong>solitudines</strong></span> <span class='ocrx_word' id='word_1_35' title='bbox 757 720 860 763; x_wconf 85' lang='lat' dir='ltr'><strong>errare</strong></span> 
     </span>
     <span class='ocr_line' id='line_1_7' title="bbox 111 777 861 870; baseline 0.007 -36"><span class='ocrx_word' id='word_1_36' title='bbox 111 777 217 836; x_wconf 69' lang='lat' dir='ltr'><strong>solitis„</strong></span> <span class='ocrx_word' id='word_1_37' title='bbox 238 780 366 847; x_wconf 78' lang='lat' dir='ltr'><strong>Uxores,</strong></span> <span class='ocrx_word' id='word_1_38' title='bbox 379 778 544 870; x_wconf 82' lang='lat' dir='ltr'><strong>liberosque</strong></span> <span class='ocrx_word' id='word_1_39' title='bbox 559 800 664 841; x_wconf 85' lang='lat' dir='ltr'><strong>secum</strong></span> <span class='ocrx_word' id='word_1_40' title='bbox 675 779 706 841; x_wconf 91' lang='lat' dir='ltr'><strong>in</strong></span> <span class='ocrx_word' id='word_1_41' title='bbox 719 782 861 857; x_wconf 83' lang='lat' dir='ltr'><strong>plaustris</strong></span> 
     </span>
     <span class='ocr_line' id='line_1_8' title="bbox 110 857 860 950; baseline 0.009 -38"><span class='ocrx_word' id='word_1_42' title='bbox 110 859 237 914; x_wconf 85' lang='lat' dir='ltr'><strong>vehunt.</strong></span> <span class='ocrx_word' id='word_1_43' title='bbox 260 858 377 931; x_wconf 87' lang='lat' dir='ltr'><strong>quibus,</strong></span> <span class='ocrx_word' id='word_1_44' title='bbox 401 858 489 915; x_wconf 83' lang='lat' dir='ltr'><strong>coriis</strong></span> <span class='ocrx_word' id='word_1_45' title='bbox 513 857 658 917; x_wconf 87' lang='lat' dir='ltr'><strong>imbrium</strong></span> <span class='ocrx_word' id='word_1_46' title='bbox 681 860 860 950; x_wconf 81' lang='lat' dir='ltr'><strong>hyemisque</strong></span> 
     </span>
     <span class='ocr_line' id='line_1_9' title="bbox 109 937 861 1009; baseline 0.005 -16"><span class='ocrx_word' id='word_1_47' title='bbox 109 939 213 1005; x_wconf 72' lang='lat' dir='ltr'><strong>causi,</strong></span> <span class='ocrx_word' id='word_1_48' title='bbox 233 938 403 1009; x_wconf 80' lang='lat' dir='ltr'><strong>tectis,&#39;pro</strong></span> <span class='ocrx_word' id='word_1_49' title='bbox 423 937 559 995; x_wconf 89' lang='lat' dir='ltr'><strong>domibus</strong></span> <span class='ocrx_word' id='word_1_50' title='bbox 579 949 712 997; x_wconf 87' lang='lat' dir='ltr'><strong>utuntur.</strong></span> <span class='ocrx_word' id='word_1_51' title='bbox 741 940 861 997; x_wconf 87' lang='lat' dir='ltr'><strong>Jusutia</strong></span> 
     </span>
     <span class='ocr_line' id='line_1_10' title="bbox 106 1012 861 1092; baseline 0.005 -20"><span class='ocrx_word' id='word_1_52' title='bbox 106 1012 221 1072; x_wconf 82' lang='lat' dir='ltr'><strong>Gentis</strong></span> <span class='ocrx_word' id='word_1_53' title='bbox 230 1012 357 1091; x_wconf 87' lang='lat' dir='ltr'><strong>ingeniis</strong></span> <span class='ocrx_word' id='word_1_54' title='bbox 366 1018 455 1085; x_wconf 81' lang='lat' dir='ltr'><strong>culta,</strong></span> <span class='ocrx_word' id='word_1_55' title='bbox 464 1034 525 1073; x_wconf 90' lang='lat' dir='ltr'><strong>non</strong></span> <span class='ocrx_word' id='word_1_56' title='bbox 532 1017 785 1092; x_wconf 83' lang='lat' dir='ltr'><strong>legibus;uullu1n</strong></span> <span class='ocrx_word' id='word_1_57' title='bbox 796 1038 861 1076; x_wconf 80' lang='lat' dir='ltr'><strong>ace·</strong></span> 
     </span>
     <span class='ocr_line' id='line_1_11' title="bbox 106 1092 859 1171; baseline 0.007 -21"><span class='ocrx_word' id='word_1_58' title='bbox 106 1094 159 1151; x_wconf 83' lang='lat' dir='ltr'><strong>ius</strong></span> <span class='ocrx_word' id='word_1_59' title='bbox 172 1095 249 1167; x_wconf 87' lang='lat' dir='ltr'><strong>apud</strong></span> <span class='ocrx_word' id='word_1_60' title='bbox 262 1112 314 1151; x_wconf 87' lang='lat' dir='ltr'><strong>eos</strong></span> <span class='ocrx_word' id='word_1_61' title='bbox 333 1092 412 1153; x_wconf 86' lang='lat' dir='ltr'><strong>furto</strong></span> <span class='ocrx_word' id='word_1_62' title='bbox 425 1095 561 1171; x_wconf 70' lang='lat' dir='ltr'><strong>gravius:</strong></span> <span class='ocrx_word' id='word_1_63' title='bbox 584 1096 696 1171; x_wconf 90' lang='lat' dir='ltr'><strong>quippe</strong></span> <span class='ocrx_word' id='word_1_64' title='bbox 710 1095 774 1156; x_wconf 83' lang='lat' dir='ltr'><strong>sine</strong></span> <span class='ocrx_word' id='word_1_65' title='bbox 785 1098 859 1155; x_wconf 87' lang='lat' dir='ltr'><strong>tecti</strong></span> 
     </span>
     <span class='ocr_line' id='line_1_12' title="bbox 104 1171 860 1250; baseline 0.009 -22"><span class='ocrx_word' id='word_1_66' title='bbox 104 1171 411 1245; x_wconf 80' lang='lat' dir='ltr'><strong>munimentopecora</strong></span> <span class='ocrx_word' id='word_1_67' title='bbox 420 1183 450 1229; x_wconf 91' lang='lat' dir='ltr'><strong>et</strong></span> <span class='ocrx_word' id='word_1_68' title='bbox 458 1174 807 1250; x_wconf 79' lang='lat' dir='ltr'><strong>armentahabentibue,</strong></span> <span class='ocrx_word' id='word_1_69' title='bbox 808 1176 860 1235; x_wconf 91' lang='lat' dir='ltr'><strong>uid</strong></span> 
     </span>
     <span class='ocr_line' id='line_1_13' title="bbox 107 1250 859 1321; baseline 0.005 -14"><span class='ocrx_word' id='word_1_70' title='bbox 107 1252 225 1309; x_wconf 77' lang='lat' dir='ltr'><strong>salvum</strong></span> <span class='ocrx_word' id='word_1_71' title='bbox 239 1261 327 1321; x_wconf 81' lang='lat' dir='ltr'><strong>esset,</strong></span> <span class='ocrx_word' id='word_1_72' title='bbox 348 1270 373 1309; x_wconf 91' lang='lat' dir='ltr'><strong>s1</strong></span> <span class='ocrx_word' id='word_1_73' title='bbox 364 1250 479 1310; x_wconf 80' lang='lat' dir='ltr'><strong>iurari</strong></span> <span class='ocrx_word' id='word_1_74' title='bbox 491 1252 615 1311; x_wconf 84' lang='lat' dir='ltr'><strong>liceret?</strong></span> <span class='ocrx_word' id='word_1_75' title='bbox 637 1257 758 1312; x_wconf 83' lang='lat' dir='ltr'><strong>Aurum</strong></span> <span class='ocrx_word' id='word_1_76' title='bbox 771 1265 801 1311; x_wconf 91' lang='lat' dir='ltr'><strong>et</strong></span> <span class='ocrx_word' id='word_1_77' title='bbox 813 1272 859 1312; x_wconf 88' lang='lat' dir='ltr'><strong>ar·</strong></span> 
     </span>
     <span class='ocr_line' id='line_1_14' title="bbox 108 1330 859 1410; baseline 0.005 -24"><span class='ocrx_word' id='word_1_78' title='bbox 108 1340 238 1406; x_wconf 83' lang='lat' dir='ltr'><strong>gentum</strong></span> <span class='ocrx_word' id='word_1_79' title='bbox 248 1348 306 1387; x_wconf 91' lang='lat' dir='ltr'><strong>non</strong></span> <span class='ocrx_word' id='word_1_80' title='bbox 319 1330 439 1405; x_wconf 86' lang='lat' dir='ltr'><strong>perinde</strong></span> <span class='ocrx_word' id='word_1_81' title='bbox 453 1350 487 1389; x_wconf 90' lang='lat' dir='ltr'><strong>ac</strong></span> <span class='ocrx_word' id='word_1_82' title='bbox 500 1331 608 1407; x_wconf 84' lang='lat' dir='ltr'><strong>reliqui</strong></span> <span class='ocrx_word' id='word_1_83' title='bbox 618 1335 760 1392; x_wconf 81' lang='lat' dir='ltr'><strong>mortales</strong></span> <span class='ocrx_word' id='word_1_84' title='bbox 768 1350 859 1410; x_wconf 89' lang='lat' dir='ltr'><strong>appe</strong></span> 
     </span>
     <span class='ocr_line' id='line_1_15' title="bbox 104 1400 859 1479; baseline 0.005 -12"><span class='ocrx_word' id='word_1_85' title='bbox 104 1418 184 1467; x_wconf 80' lang='lat' dir='ltr'><strong>tunt</strong></span> <span class='ocrx_word' id='word_1_86' title='bbox 207 1400 298 1467; x_wconf 82' lang='lat' dir='ltr'><strong>Lacte</strong></span> <span class='ocrx_word' id='word_1_87' title='bbox 310 1420 341 1468; x_wconf 88' lang='lat' dir='ltr'><strong>et</strong></span> <span class='ocrx_word' id='word_1_88' title='bbox 349 1408 438 1467; x_wconf 88' lang='lat' dir='ltr'><strong>melle</strong></span> <span class='ocrx_word' id='word_1_89' title='bbox 448 1422 614 1469; x_wconf 87' lang='lat' dir='ltr'><strong>vescuntur.</strong></span> <span class='ocrx_word' id='word_1_90' title='bbox 634 1410 758 1479; x_wconf 84' lang='lat' dir='ltr'><strong>Lauae”</strong></span> <span class='ocrx_word' id='word_1_91' title='bbox 738 1429 775 1469; x_wconf 87' lang='lat' dir='ltr'><strong>ns</strong></span> <span class='ocrx_word' id='word_1_92' title='bbox 785 1431 859 1471; x_wconf 87' lang='lat' dir='ltr'><strong>usus</strong></span> 
     </span>
     <span class='ocr_line' id='line_1_16' title="bbox 105 1487 860 1566; baseline 0.005 -21"><span class='ocrx_word' id='word_1_93' title='bbox 105 1505 146 1545; x_wconf 78' lang='lat' dir='ltr'><strong>ac</strong></span> <span class='ocrx_word' id='word_1_94' title='bbox 161 1488 287 1546; x_wconf 87' lang='lat' dir='ltr'><strong>vestium</strong></span> <span class='ocrx_word' id='word_1_95' title='bbox 306 1487 435 1566; x_wconf 84' lang='lat' dir='ltr'><strong>ignotus,</strong></span> <span class='ocrx_word' id='word_1_96' title='bbox 457 1487 626 1565; x_wconf 83' lang='lat' dir='ltr'><strong>quanquam</strong></span> <span class='ocrx_word' id='word_1_97' title='bbox 647 1490 795 1549; x_wconf 81' lang='lat' dir='ltr'><strong>continuis</strong></span> <span class='ocrx_word' id='word_1_98' title='bbox 808 1490 860 1549; x_wconf 81' lang='lat' dir='ltr'><strong>fri-</strong></span> 
     </span>
     <span class='ocr_line' id='line_1_17' title="bbox 107 1566 859 1643; baseline 0.009 -21"><span class='ocrx_word' id='word_1_99' title='bbox 107 1566 232 1642; x_wconf 81' lang='lat' dir='ltr'><strong>goribus</strong></span> <span class='ocrx_word' id='word_1_100' title='bbox 256 1578 397 1637; x_wconf 87' lang='lat' dir='ltr'><strong>urantur;</strong></span> <span class='ocrx_word' id='word_1_101' title='bbox 418 1570 544 1643; x_wconf 88' lang='lat' dir='ltr'><strong>pellibus</strong></span> <span class='ocrx_word' id='word_1_102' title='bbox 555 1581 665 1629; x_wconf 77' lang='lat' dir='ltr'><strong>tamen</strong></span> <span class='ocrx_word' id='word_1_103' title='bbox 684 1569 788 1627; x_wconf 78' lang='lat' dir='ltr'><strong>ferinis</strong></span> <span class='ocrx_word' id='word_1_104' title='bbox 806 1581 859 1629; x_wconf 88' lang='lat' dir='ltr'><strong>aut</strong></span> 
     </span>
     <span class='ocr_line' id='line_1_18' title="bbox 107 1643 858 1707; baseline 0.008 -6"><span class='ocrx_word' id='word_1_105' title='bbox 107 1643 237 1702; x_wconf 87' lang='lat' dir='ltr'><strong>murinis</strong></span> <span class='ocrx_word' id='word_1_106' title='bbox 257 1656 388 1705; x_wconf 85' lang='lat' dir='ltr'><strong>utuntur.</strong></span> <span class='ocrx_word' id='word_1_107' title='bbox 428 1648 506 1705; x_wconf 79' lang='lat' dir='ltr'><strong>Haec</strong></span> <span class='ocrx_word' id='word_1_108' title='bbox 527 1649 706 1707; x_wconf 83' lang='lat' dir='ltr'><strong>continentia</strong></span> <span class='ocrx_word' id='word_1_109' title='bbox 721 1647 780 1705; x_wconf 89' lang='lat' dir='ltr'><strong>illis</strong></span> <span class='ocrx_word' id='word_1_110' title='bbox 792 1668 858 1707; x_wconf 92' lang='lat' dir='ltr'><strong>mo-</strong></span> 
     </span>
     <span class='ocr_line' id='line_1_19' title="bbox 107 1722 859 1803; baseline 0 -18"><span class='ocrx_word' id='word_1_111' title='bbox 107 1742 180 1785; x_wconf 77' lang='lat' dir='ltr'><strong>rum</strong></span> <span class='ocrx_word' id='word_1_112' title='bbox 203 1743 318 1801; x_wconf 93' lang='lat' dir='ltr'><strong>quoque</strong></span> <span class='ocrx_word' id='word_1_113' title='bbox 343 1722 612 1803; x_wconf 60' lang='lat' dir='ltr'><strong>justitiam&#39;edidin</strong></span> <span class='ocrx_word' id='word_1_114' title='bbox 631 1727 705 1783; x_wconf 90' lang='lat' dir='ltr'><strong>nihil</strong></span> <span class='ocrx_word' id='word_1_115' title='bbox 724 1725 859 1785; x_wconf 85' lang='lat' dir='ltr'><strong>alienum</strong></span> 
     </span>
     <span class='ocr_line' id='line_1_20' title="bbox 106 1804 934 1878; baseline 0.002 -17"><span class='ocrx_word' id='word_1_116' title='bbox 106 1804 397 1878; x_wconf 79' lang='lat' dir='ltr'><strong>concupiscentibus.</strong></span> <span class='ocrx_word' id='word_1_117' title='bbox 431 1804 552 1878; x_wconf 87' lang='lat' dir='ltr'><strong>Quippe</strong></span> <span class='ocrx_word' id='word_1_118' title='bbox 565 1804 675 1862; x_wconf 89' lang='lat' dir='ltr'><strong>ibidem</strong></span> <span class='ocrx_word' id='word_1_119' title='bbox 688 1804 858 1864; x_wconf 75' lang='lat' dir='ltr'><strong>divitimum</strong></span> <span class='ocrx_word' id='word_1_120' title='bbox 933 1846 934 1863; x_wconf 45' lang='lat' dir='ltr'><strong>t</strong></span> 
     </span>
     <span class='ocr_line' id='line_1_21' title="bbox 104 1880 858 1959; baseline 0.001 -19"><span class='ocrx_word' id='word_1_121' title='bbox 104 1880 219 1956; x_wconf 85' lang='lat' dir='ltr'><strong>cupido</strong></span> <span class='ocrx_word' id='word_1_122' title='bbox 232 1892 286 1953; x_wconf 82' lang='lat' dir='ltr'><strong>est,</strong></span> <span class='ocrx_word' id='word_1_123' title='bbox 299 1884 348 1941; x_wconf 91' lang='lat' dir='ltr'><strong>ubi</strong></span> <span class='ocrx_word' id='word_1_124' title='bbox 359 1893 388 1941; x_wconf 93' lang='lat' dir='ltr'><strong>et</strong></span> <span class='ocrx_word' id='word_1_125' title='bbox 399 1902 481 1941; x_wconf 60' lang='lat' dir='ltr'><strong>usus</strong></span> <span class='ocrx_word' id='word_1_126' title='bbox 501 1886 605 1957; x_wconf 85' lang='lat' dir='ltr'><strong>Atque</strong></span> <span class='ocrx_word' id='word_1_127' title='bbox 613 1882 727 1941; x_wconf 91' lang='lat' dir='ltr'><strong>utinam</strong></span> <span class='ocrx_word' id='word_1_128' title='bbox 737 1882 858 1959; x_wconf 88' lang='lat' dir='ltr'><strong>reliquis</strong></span> 
     </span>
     <span class='ocr_line' id='line_1_22' title="bbox 106 1960 858 2030; baseline 0.005 -11"><span class='ocrx_word' id='word_1_129' title='bbox 106 1960 285 2019; x_wconf 87' lang='lat' dir='ltr'><strong>mortalibus</strong></span> <span class='ocrx_word' id='word_1_130' title='bbox 305 1961 412 2021; x_wconf 82' lang='lat' dir='ltr'><strong>similis</strong></span> <span class='ocrx_word' id='word_1_131' title='bbox 431 1962 605 2030; x_wconf 81' lang='lat' dir='ltr'><strong>moderatio,</strong></span> <span class='ocrx_word' id='word_1_132' title='bbox 628 1973 659 2020; x_wconf 91' lang='lat' dir='ltr'><strong>et</strong></span> <span class='ocrx_word' id='word_1_133' title='bbox 682 1962 858 2023; x_wconf 77' lang='lat' dir='ltr'><strong>abstinentia</strong></span> 
     </span>
     <span class='ocr_line' id='line_1_23' title="bbox 106 2038 934 2115; baseline 0.008 -16"><span class='ocrx_word' id='word_1_134' title='bbox 106 2038 199 2099; x_wconf 83' lang='lat' dir='ltr'><strong>alieni</strong></span> <span class='ocrx_word' id='word_1_135' title='bbox 210 2038 318 2107; x_wconf 40' lang='lat' dir='ltr'><strong>‘foretl</strong></span> <span class='ocrx_word' id='word_1_136' title='bbox 338 2040 475 2115; x_wconf 75' lang='lat' dir='ltr'><strong>profecti&gt;</strong></span> <span class='ocrx_word' id='word_1_137' title='bbox 494 2058 554 2098; x_wconf 89' lang='lat' dir='ltr'><strong>non</strong></span> <span class='ocrx_word' id='word_1_138' title='bbox 573 2040 691 2100; x_wconf 76' lang='lat' dir='ltr'><strong>tantum</strong></span> <span class='ocrx_word' id='word_1_139' title='bbox 709 2044 857 2101; x_wconf 86' lang='lat' dir='ltr'><strong>bellorum</strong></span> <span class='ocrx_word' id='word_1_140' title='bbox 933 2103 934 2106; x_wconf 74' lang='grc'>,</span> 
     </span>
     <span class='ocr_line' id='line_1_24' title="bbox 107 2119 856 2194; baseline 0.001 -17"><span class='ocrx_word' id='word_1_141' title='bbox 107 2138 163 2194; x_wconf 90' lang='lat' dir='ltr'><strong>per</strong></span> <span class='ocrx_word' id='word_1_142' title='bbox 175 2120 278 2177; x_wconf 89' lang='lat' dir='ltr'><strong>onmia</strong></span> <span class='ocrx_word' id='word_1_143' title='bbox 289 2122 399 2179; x_wconf 86' lang='lat' dir='ltr'><strong>saecula</strong></span> <span class='ocrx_word' id='word_1_144' title='bbox 410 2120 500 2177; x_wconf 86' lang='lat' dir='ltr'><strong>terris</strong></span> <span class='ocrx_word' id='word_1_145' title='bbox 518 2119 657 2178; x_wconf 87' lang='lat' dir='ltr'><strong>omnibus</strong></span> <span class='ocrx_word' id='word_1_146' title='bbox 670 2121 856 2181; x_wconf 84' lang='lat' dir='ltr'><strong>continuare·</strong></span> 
     </span>
     <span class='ocr_line' id='line_1_25' title="bbox 102 2198 934 2273; baseline 0.001 -17"><span class='ocrx_word' id='word_1_147' title='bbox 102 2208 177 2256; x_wconf 84' lang='lat' dir='ltr'><strong>tur:</strong></span> <span class='ocrx_word' id='word_1_148' title='bbox 199 2216 298 2273; x_wconf 89' lang='lat' dir='ltr'><strong>neque</strong></span> <span class='ocrx_word' id='word_1_149' title='bbox 316 2200 383 2273; x_wconf 84' lang='lat' dir='ltr'><strong>plus</strong></span> <span class='ocrx_word' id='word_1_150' title='bbox 403 2198 559 2256; x_wconf 89' lang='lat' dir='ltr'><strong>hominum</strong></span> <span class='ocrx_word' id='word_1_151' title='bbox 578 2198 692 2256; x_wconf 88' lang='lat' dir='ltr'><strong>ferrum</strong></span> <span class='ocrx_word' id='word_1_152' title='bbox 712 2211 743 2257; x_wconf 89' lang='lat' dir='ltr'><strong>et</strong></span> <span class='ocrx_word' id='word_1_153' title='bbox 763 2219 857 2267; x_wconf 87' lang='lat' dir='ltr'><strong>arma,</strong></span> <span class='ocrx_word' id='word_1_154' title='bbox 933 2207 934 2247; x_wconf 54' lang='lat' dir='ltr'><strong>i</strong></span> 
     </span>
     <span class='ocr_line' id='line_1_26' title="bbox 107 2275 934 2353; baseline 0.005 -21"><span class='ocrx_word' id='word_1_155' title='bbox 107 2275 201 2351; x_wconf 79' lang='lat' dir='ltr'><strong>quam</strong></span> <span class='ocrx_word' id='word_1_156' title='bbox 211 2277 350 2335; x_wconf 83' lang='lat' dir='ltr'><strong>naturalis</strong></span> <span class='ocrx_word' id='word_1_157' title='bbox 358 2276 755 2353; x_wconf 84' lang='lat' dir='ltr'><strong>fatorumconditioraperet</strong></span> <span class='ocrx_word' id='word_1_158' title='bbox 767 2281 856 2336; x_wconf 87' lang='lat' dir='ltr'><strong>Pror-</strong></span> <span class='ocrx_word' id='word_1_159' title='bbox 933 2277 934 2286; x_wconf 73' lang='grc'>’</span> 
     </span>
    </p>
   </div>
   <div class='ocr_carea' id='block_1_6' title="bbox 108 2352 934 2427">
    <p class='ocr_par' dir='ltr' id='par_1_6' title="bbox 108 2352 934 2427">
     <span class='ocr_line' id='line_1_27' title="bbox 108 2352 934 2427; baseline 0.002 -16"><span class='ocrx_word' id='word_1_160' title='bbox 108 2352 161 2412; x_wconf 79' lang='lat' dir='ltr'><strong>siis</strong></span> <span class='ocrx_word' id='word_1_161' title='bbox 176 2365 208 2412; x_wconf 91' lang='lat' dir='ltr'><strong>ut</strong></span> <span class='ocrx_word' id='word_1_162' title='bbox 221 2355 390 2413; x_wconf 85' lang='lat' dir='ltr'><strong>admirabile</strong></span> <span class='ocrx_word' id='word_1_163' title='bbox 412 2357 555 2425; x_wconf 89' lang='lat' dir='ltr'><strong>videatur,</strong></span> <span class='ocrx_word' id='word_1_164' title='bbox 576 2358 632 2415; x_wconf 91' lang='lat' dir='ltr'><strong>hoc</strong></span> <span class='ocrx_word' id='word_1_165' title='bbox 650 2357 707 2414; x_wconf 89' lang='lat' dir='ltr'><strong>illis</strong></span> <span class='ocrx_word' id='word_1_166' title='bbox 719 2369 856 2416; x_wconf 84' lang='lat' dir='ltr'><strong>naturam</strong></span> <span class='ocrx_word' id='word_1_167' title='bbox 933 2408 934 2427; x_wconf 30' lang='lat' dir='ltr'><strong>q</strong></span> 
     </span>
    </p>
   </div>
   <div class='ocr_carea' id='block_1_7' title="bbox 109 2430 934 2523">
    <p class='ocr_par' dir='ltr' id='par_1_7' title="bbox 109 2430 934 2523">
     <span class='ocr_line' id='line_1_28' title="bbox 109 2430 934 2523; baseline -0.001 -33"><span class='ocrx_word' id='word_1_168' title='bbox 109 2436 187 2501; x_wconf 84' lang='lat' dir='ltr'><strong>dare,</strong></span> <span class='ocrx_word' id='word_1_169' title='bbox 203 2436 284 2523; x_wconf 82' lang='lat' dir='ltr'><strong>quod</strong></span> <span class='ocrx_word' id='word_1_170' title='bbox 297 2432 397 2495; x_wconf 86' lang='lat' dir='ltr'><strong>Graeci</strong></span> <span class='ocrx_word' id='word_1_171' title='bbox 417 2437 507 2509; x_wconf 75' lang='lat' dir='ltr'><strong>longai</strong></span> <span class='ocrx_word' id='word_1_172' title='bbox 521 2433 696 2519; x_wconf 81' lang='lat' dir='ltr'><strong>sapientium</strong></span> <span class='ocrx_word' id='word_1_173' title='bbox 712 2433 857 2503; x_wconf 86' lang='lat' dir='ltr'><strong>doctrina,</strong></span> <span class='ocrx_word' id='word_1_174' title='bbox 933 2430 934 2490; x_wconf 62' lang='lat' dir='ltr'><strong>l</strong></span> 
     </span>
    </p>
   </div>
   <div class='ocr_carea' id='block_1_8' title="bbox 104 2510 934 2589">
    <p class='ocr_par' dir='ltr' id='par_1_8' title="bbox 104 2510 934 2589">
     <span class='ocr_line' id='line_1_29' title="bbox 104 2510 934 2589; baseline 0.002 -22"><span class='ocrx_word' id='word_1_175' title='bbox 104 2510 329 2587; x_wconf 76' lang='lat' dir='ltr'><strong>praeceptisque</strong></span> <span class='ocrx_word' id='word_1_176' title='bbox 340 2513 607 2587; x_wconf 88' lang='lat' dir='ltr'><strong>philosophorum</strong></span> <span class='ocrx_word' id='word_1_177' title='bbox 595 2516 738 2589; x_wconf 89' lang='lat' dir='ltr'><strong>consequi</strong></span> <span class='ocrx_word' id='word_1_178' title='bbox 746 2531 856 2587; x_wconf 90' lang='lat' dir='ltr'><strong>neque·</strong></span> <span class='ocrx_word' id='word_1_179' title='bbox 933 2555 934 2558; x_wconf 63' lang='lat'>,</span> 
     </span>
    </p>
   </div>
   <div class='ocr_carea' id='block_1_9' title="bbox 107 2592 857 2745">
    <p class='ocr_par' dir='ltr' id='par_1_9' title="bbox 107 2592 857 2745">
     <span class='ocr_line' id='line_1_30' title="bbox 109 2592 856 2679; baseline -0.001 -32"><span class='ocrx_word' id='word_1_180' title='bbox 109 2602 174 2679; x_wconf 82' lang='lat' dir='ltr'><strong>unt,</strong></span> <span class='ocrx_word' id='word_1_181' title='bbox 187 2593 342 2664; x_wconf 88' lang='lat' dir='ltr'><strong>cultosque</strong></span> <span class='ocrx_word' id='word_1_182' title='bbox 355 2610 455 2649; x_wconf 88' lang='lat' dir='ltr'><strong>mores</strong></span> <span class='ocrx_word' id='word_1_183' title='bbox 474 2592 593 2650; x_wconf 79' lang='lat' dir='ltr'><strong>incultae</strong></span> <span class='ocrx_word' id='word_1_184' title='bbox 613 2592 754 2651; x_wconf 87' lang='lat' dir='ltr'><strong>barbariae</strong></span> <span class='ocrx_word' id='word_1_185' title='bbox 769 2593 856 2647; x_wconf 90' lang='lat' dir='ltr'><strong>colla·</strong></span> 
     </span>
     <span class='ocr_line' id='line_1_31' title="bbox 107 2666 857 2745; baseline -0.007 -18"><span class='ocrx_word' id='word_1_186' title='bbox 107 2668 190 2729; x_wconf 87' lang='lat' dir='ltr'><strong>tione</strong></span> <span class='ocrx_word' id='word_1_187' title='bbox 204 2666 350 2744; x_wconf 85' lang='lat' dir='ltr'><strong>superari.</strong></span> <span class='ocrx_word' id='word_1_188' title='bbox 381 2668 481 2729; x_wconf 74' lang='lat' dir='ltr'><strong>Tanti&gt;</strong></span> <span class='ocrx_word' id='word_1_189' title='bbox 493 2670 581 2744; x_wconf 90' lang='lat' dir='ltr'><strong>plus&#39;</strong></span> <span class='ocrx_word' id='word_1_190' title='bbox 574 2688 605 2727; x_wconf 90' lang='grc' dir='ltr'><strong>ιιι</strong></span> <span class='ocrx_word' id='word_1_191' title='bbox 616 2670 675 2735; x_wconf 83' lang='lat' dir='ltr'><strong>illis</strong></span> <span class='ocrx_word' id='word_1_192' title='bbox 684 2668 839 2745; x_wconf 88' lang='lat' dir='ltr'><strong>proficit</strong></span> <span class='ocrx_word' id='word_1_193' title='bbox 813 2687 857 2723; x_wconf 77' lang='grc' dir='ltr'><strong>ιι·</strong></span> 
     </span>
    </p>
   </div>
   <div class='ocr_carea' id='block_1_10' title="bbox 451 2775 510 2827">
    <p class='ocr_par' dir='ltr' id='par_1_10' title="bbox 451 2775 510 2827">
     <span class='ocr_line' id='line_1_32' title="bbox 451 2775 510 2827; baseline -0.068 0"><span class='ocrx_word' id='word_1_194' title='bbox 451 2775 510 2827; x_wconf 72' lang='lat'><strong>1³2</strong></span> 
     </span>
    </p>
   </div>
   <div class='ocr_carea' id='block_1_11' title="bbox 0 0 942 3267">
    <p class='ocr_par' dir='ltr' id='par_1_11' title="bbox 0 0 942 3267">
     <span class='ocr_line' id='line_1_33' title="bbox 0 0 942 3267; baseline 0 2"><span class='ocrx_word' id='word_1_195' title='bbox 0 0 942 3267; x_wconf 95' lang='lat' dir='ltr'><strong> </strong></span> 
     </span>
    </p>
   </div>
  </div>
 </body>
</html>
