1875 3267
455 275 518 330 248

110 415 238 478 militum
253 423 331 480 ciere
342 428 465 494 poterat,
476 419 622 477 intentum
636 415 757 486 formis,
784 435 860 494 quas

110 499 139 556 in
154 500 273 574 pulvere
296 499 502 572 descripserat,
514 501 550 556 ab
563 497 666 572 ignaro
680 496 780 554 milite
793 497 860 569 quis

108 589 186 634 esset
199 577 398 635 interfectum.
413 576 504 652 AEgre
518 575 547 633 id
558 577 739 633 Marcellum
755 576 858 632 tulisse

109 659 342 749 sepulturaeque
344 673 447 714 curam
462 653 600 712 habitam
629 654 669 710 Et
680 652 859 731 propinquis

110 734 199 792 etiam
215 734 373 824 inquisitis,
392 733 497 791 honori
523 728 728 820 praesidioque
746 747 860 788 nomen
926 748 927 779 r

109 829 144 869 ac
158 812 333 872 memoriam
346 814 411 890 ejus
424 811 524 869 fuisse
565 812 633 868 Hoc
646 806 785 870 maxime
794 823 861 865 mo·

109 891 147 947 do
162 893 316 964 Syracusae
327 900 430 982 captae.
452 888 734 982 lnquibuspraedae
741 885 862 946 tantum

108 968 174 1038 fuit,
184 970 327 1045 quantum
341 970 389 1026 vix
403 972 498 1041 capta
519 963 772 1044 Carthaginettim
787 965 863 1023 fuis-

110 1061 164 1116 set,
178 1068 248 1110 curn
259 1067 319 1125 qua
333 1048 443 1106 viribus
457 1046 551 1123 aequis
563 1047 739 1104 certabatur.

445 1273 524 1313 ε-*ε

249 1420 532 1487 uuunurmu
551 1371 715 1482 xxxvi.

136 1594 201 1654 'rte
215 1613 358 1678 younger
372 1592 476 1674 Scipio
492 1590 520 1652 is
535 1590 646 1654 nomed
657 1589 836 1652 Procoorul

397 1694 437 1777 os
449 1694 558 1777 Spain.

250 1845 343 1908 (Rom.
357 1845 428 1894 llist.
442 1843 520 1894 'ritus
534 1846 565 1894 L·
575 1841 644 1892 book
656 1841 710 1904 26.)

144 1996 210 2042 Tne
224 1991 340 2040 Romans
352 1991 443 2040 atthis
461 1989 526 2039 time
546 1989 654 2038 witness
664 1985 712 2037 lire
726 1994 798 2037 most
809 1986 858 2036 de·

111 2058 238 2108 structive
256 2074 379 2107 reversee
394 2059 419 2105 in
433 2056 521 2120 Spain.
557 2056 641 2105 Their
652 2063 704 2103 two
720 2054 857 2130 generals,

112 2125 213 2174 Lucius
226 2124 277 2172 and
292 2123 400 2172 Public·
415 2124 512 2199 Scipio,
523 2122 579 2171 lose
596 2121 667 2171 their
681 2119 767 2170 lires
761 2135 786 2170 m
805 2120 856 2170 tlte

110 2189 173 2239 field
191 2187 224 2237 of
239 2189 331 2248 battle,
351 2188 420 2238 alter
442 2189 535 2254 seeing
553 2187 624 2237 their
643 2188 742 2237 armies
760 2196 809 2238 eut
828 2186 857 2236 iu

110 2257 207 2333 pleccs

147 2320 213 2370 'ritis
227 2319 274 2370 sad
286 2335 356 2370 news
369 2321 500 2384 produces
511 2320 703 2370 consternation
715 2327 744 2370 at
755 2321 851 2370 Rome

111 2387 187 2451 They
206 2387 321 2436 eonvoke
341 2389 386 2436 the
399 2387 531 2451 assembly
552 2386 604 2436 end
625 2385 743 2452 prceeed
759 2396 787 2435 to
805 2386 854 2436 the

111 2455 203 2504 clinice
215 2453 246 2502 of
254 2469 270 2502 a
283 2453 426 2504 Proconsul
436 2453 467 2503 os
476 2453 565 2517 Spain

149 2599 292 2654 Susarur
313 2600 488 2672 populoque,
507 2608 573 2671 post
591 2608 743 2671 receptam
757 2568 856 2672 Capu·

110 2691 168 2742 am,
179 2694 235 2732 non
249 2677 338 2732 ltaliae
346 2675 406 2749 jam
417 2676 513 2750 major
522 2674 613 2749 quim
622 2675 774 2749 Hispaniae
783 2693 857 2732 cura

110 2766 189 2810 erat:
216 2763 246 2810 et
269 2753 432 2812 exercitum
457 2753 559 2832 augeri
584 2764 616 2811 et
639 2753 856 2830 imperatorem
