1875 3267
445 282 508 341 243

93 444 179 486 unus
199 427 336 486 exsulum
357 441 411 498 pro
426 425 582 503 ‘transfirgd
603 426 792 498 intromissus
813 427 844 489 in

93 508 213 570 urbem,
226 504 379 564 conventis
400 506 512 579 paucis,
526 505 642 564 initium
660 507 845 566 collouuendi

95 585 134 641 de
149 582 199 643 tali
213 603 244 642 re
266 583 344 640 lecit.
365 583 481 642 Deinde
501 585 532 643 iu
546 585 701 657 piscatoria
723 588 844 646 uuidam

94 660 174 732 navi,
185 663 294 734 retibus
307 664 410 734 operti,
424 663 676 735 circumvectique
685 663 725 721 itai
734 665 771 722 ad
783 682 846 723 cass

96 751 145 797 tra
160 742 301 808 Romana,
315 741 511 814 collocutique
529 757 599 797 cum
612 740 796 833 transfugis:
816 753 846 802 et

96 817 179 876 iolem
194 816 303 892 saepitls
312 821 416 876 eodem
426 820 515 876 modo
529 818 579 875 alii
591 830 681 895 atque
693 819 752 878 alir.
772 824 845 881 Pos-

95 897 195 954 tremo
209 898 245 954 ad
257 897 405 972 octoginta
419 895 507 953 lacti:
527 907 557 954 et
567 895 665 972 quum
686 898 749 973 jani
762 918 845 958 eom·

95 973 195 1048 posita
215 975 315 1032 omnia
336 975 371 1032 ad
392 974 588 1048 proditionem
610 988 718 1043 essent,
736 977 846 1036 indicio

96 1053 195 1111 delato
209 1055 245 1110 ad
258 1049 410 1125 Epicyden
425 1069 478 1126 per
488 1055 622 1111 Attalum
634 1057 791 1129 quendam,
802 1057 846 1114 in·

95 1129 267 1207 dignantem
282 1129 337 1187 sibi
350 1149 414 1188 rem
427 1131 570 1190 creditam
583 1151 641 1189 non
661 1134 744 1193 esse!
749 1133 845 1192 necati

95 1227 202 1268 omnes
221 1227 289 1268 cum
304 1211 436 1266 cruciatu
449 1221 527 1267 sunt.
548 1209 618 1268 Alia
630 1211 751 1270 subinde
767 1229 845 1286 spes,

97 1287 259 1364 postquam
273 1289 338 1344 haec
362 1288 435 1346 'vana
455 1300 596 1357 evaserat,
614 1289 742 1362 excepit.
784 1290 845 1349 Da·

95 1365 219 1442 mippus
242 1364 362 1438 quidam
393 1365 637 1427 Lacedaemonius
669 1370 781 1428 missus
807 1372 844 1428 ab

95 1444 254 1518 Syracusis
267 1445 303 1500 ad
315 1445 486 1522 Philippum
498 1463 612 1520 regern,
625 1459 727 1525 captus
740 1450 776 1505 ab
785 1449 844 1507 llo·
876 1513 879 1520 ,

94 1523 194 1580 manis
206 1521 327 1580 navibus
347 1533 417 1598 erat.
439 1523 538 1600 Hujus
557 1524 657 1597 utiuutl
678 1526 844 1585 redimendi

97 1609 128 1660 et
145 1599 286 1676 Epicydae
298 1621 369 1660 cura
379 1613 441 1659 erat
451 1603 557 1677 ingens
569 1625 577 1658 ε
591 1622 646 1661 nec
655 1606 755 1662 abnuit
762 1604 845 1661 Mar-

96 1683 201 1748 collus,
214 1678 275 1752 jam
290 1677 355 1738 tlrm
369 1683 542 1747 AEtolorum,
555 1683 642 1760 cujus
655 1682 751 1757 gentis
772 1681 844 1741 socii

96 1755 321 1816 Lacedaemonii
341 1770 439 1828 erant„
455 1759 617 1817 amicitiam
643 1758 844 1819 affectantibus

97 1833 252 1894 Romanis.
270 1839 317 1894 Acl
325 1837 508 1910 colloquium
520 1838 557 1895 de
570 1837 771 1912 redemptione
779 1840 845 1916 ejus

97 1915 209 1982 missis,
222 1915 338 1974 medius
352 1913 485 1974 maxime
497 1927 584 1989 atque
593 1917 727 1990 utrisque
736 1934 845 1991 oppor-

96 2004 188 2051 tunus
202 1994 294 2062 loeus,
308 1995 344 2052 ad
365 2010 486 2068 portum
499 1993 713 2070 Trogiliorom,
725 2008 846 2072 propter

95 2073 205 2129 turrim
238 2091 327 2147 quam
358 2084 461 2140 vocant
482 2072 673 2149 Galeagram,
685 2085 731 2132 est
753 2075 845 2134 visus.

95 2153 168 2222 Quo
181 2147 276 2225 qudm
290 2153 399 2224 saepius
412 2160 623 2218 commearent,
641 2171 720 2210 unus
732 2171 772 2210 ex
786 2155 844 2212 Ro·

93 2228 192 2286 manis
218 2247 257 2286 ex
278 2231 443 2303 propinquo
469 2247 593 2289 murum
618 2233 845 2304 contemplatus,

96 2307 281 2363 numerando
294 2308 413 2381 lapides,
423 2310 651 2383 aestimandoque
660 2307 726 2384 ipse
740 2327 843 2368 secum

95 2382 169 2458 quid
179 2381 209 2440 in
219 2383 313 2442 fronte
324 2383 456 2458 paterent
466 2409 474 2453 ;
484 2386 573 2446 simul
583 2388 764 2446 altitudinem
776 2407 843 2445 mu·

95 2463 132 2530 ri,
146 2460 291 2537 quantrlm
305 2461 441 2536 proxime}
453 2464 624 2540 conjectura
643 2475 764 2540 poterat,
776 2484 845 2541 per·

95 2558 231 2608 mensus,
255 2541 504 2616 humilioremque
536 2543 683 2618 aliquanto
717 2544 842 2619 pristini

96 2619 239 2693 opinione
260 2623 313 2677 sula
327 2631 358 2676 et
370 2632 548 2678 caeterorum
559 2622 693 2680 omnium
705 2635 785 2681 ratus
799 2643 845 2681 es·

13 2739 14 2742 ,
97 2717 142 2764 ae,
164 2700 209 2754 vel
229 2698 425 2758 mediocribus
454 2700 542 2758 scalis
567 2702 782 2774 superabilem
806 2702 843 2759 ad

98 2773 281 2836 Marcellum
296 2795 359 2834 rem
374 2775 482 2843 defert,
495 2776 584 2836 Haud
597 2780 761 2852 spernendo
768 2779 842 2846 riser
