1875 3267
427 275 466 334 86

76 431 144 492 'ium
156 429 248 488 Porus
262 422 429 500 imponitur.
450 424 549 495 Quem
561 437 616 482 rex
628 429 663 476 ut
676 419 749 478 vidit
757 417 830 479 alie-

81 521 199 569 vantem
212 507 324 572 oculos,
336 522 395 560 non
404 503 480 568 odio,
490 498 739 558 sedmiseration'e
747 519 831 558 com·

82 600 190 655 motus,
210 589 296 658 Quae,
309 582 440 640 malum!
462 578 566 651 inquit,
576 578 707 635 amentia
719 591 749 636 te
762 591 830 636 c‘oe·

84 669 137 743 git,
153 683 256 723 rerum
268 679 404 720 mearum
422 657 540 734 cognita
552 655 643 723 fama,
653 657 726 714 belii
738 657 832 714 fortu-

82 765 152 804 nam
171 741 310 819 experiri,
331 757 424 814 quum
438 736 560 794 Taxiles
573 744 651 797 esset
669 736 703 792 in
715 736 834 793 deditos

85 823 249 883 elementiae
263 838 339 880 meae
359 827 419 875 tam
439 812 641 890 propinquum
660 812 833 872 tibiexem·

85 901 186 979 plum?
209 906 250 960 At
262 901 320 966 ille,
341 895 498 968 Quoniam,
515 891 618 966 inquit,
638 893 832 967 percontaris,

87 983 267 1056 respondebo
281 981 317 1034 ea
326 977 456 1033 libertate
470 989 559 1045 quam
571 971 781 1046 interrogando
792 971 833 1029 fe·

88 1061 163 1120 cisti.
185 1057 346 1118 Neminem
356 1073 405 1110 me
416 1051 568 1108 fortiorem
576 1067 642 1107 esse
652 1053 833 1118 censebam

89 1159 172 1198 meas
190 1137 270 1196 enim
282 1151 421 1192 noveram
433 1131 521 1195 vires,
538 1124 670 1184 nondum
688 1141 833 1203 expertus

89 1228 170 1276 tuas:
192 1216 344 1273 fortiorem
365 1229 428 1268 esse
442 1221 471 1265 te
485 1205 554 1263 belli
571 1205 671 1263 docuit
689 1219 834 1277 eventus;

92 1299 190 1354 sedne
202 1295 244 1352 sic
257 1291 379 1366 quidem
392 1305 499 1362 parum
511 1284 583 1341 felix
595 1303 673 1351 sum,
688 1289 835 1346 secundus

91 1375 154 1432 tibi.
189 1367 306 1428 Rursus
320 1369 518 1441 interrogatus
533 1363 602 1436 quid
615 1363 678 1437 ipse
692 1366 836 1424 victorem

95 1445 222 1510 statuere
240 1449 345 1505 debere
367 1455 510 1502 censeret.
550 1443 637 1516 Quod
651 1443 712 1511 hie,
732 1444 837 1519 inquit,

95 1531 157 1588 dies
170 1525 222 1584 tibi
235 1526 349 1592 suadet,
367 1541 425 1596 quo
439 1531 581 1596 expertus
595 1541 627 1578 es
640 1520 734 1596 qudm
748 1525 839 1580 cadu-

95 1627 130 1666 ca
139 1604 262 1666 felicitas
272 1613 358 1660 esset.
380 1599 838 1676 Plusmouendoprofecitquam

97 1687 123 1745 si
135 1693 270 1764 precatus
284 1691 377 1739 esset:
400 1679 508 1754 quippe
525 1677 764 1753 magnitudinem
777 1679 841 1738 aui-

96 1767 141 1826 mi
153 1767 229 1844 ejus
249 1760 411 1820 interritam
426 1777 459 1815 ac
478 1776 516 1814 ne
529 1757 647 1814 fortuuai
660 1757 783 1831 quidem
794 1757 840 1814 in-

98 1847 230 1912 fractam,
242 1860 301 1898 non
311 1835 513 1898 misericordia
521 1834 618 1903 modo,
628 1835 780 1894 sedetiam
789 1839 842 1896 ho-

97 1943 169 1982 nore
191 1920 329 1992 excipere
350 1916 487 1991 dignatus
504 1927 565 1984 est3
587 1933 704 1988 aegrum
728 1914 843 1973 curavit

98 2003 177 2059 haud
190 1996 276 2056 secus
290 1995 379 2072 quam
394 1995 418 2050 si
438 2012 491 2068 pro
512 1996 576 2068 ipso
589 2006 762 2067 pugnasset,
774 2013 843 2055 con·

99 2079 250 2138 firmatum
267 2073 370 2130 contra
383 2091 468 2146 spem
481 2077 615 2130 omnium
631 2071 661 2128 in
675 2072 842 2131 amicorum

100 2172 262 2214 numerum
274 2153 394 2225 recepit,
406 2171 479 2208 mox
493 2149 610 2208 donavit
622 2153 765 2225 ampliore
776 2171 843 2227 reg·

101 2255 141 2292 no
154 2232 247 2309 quam
258 2229 360 2287 tenuit.
400 2233 427 2286 N
431 2250 465 2287 ec
478 2227 546 2286 sane
555 2228 717 2304 quidquam
729 2229 843 2308 ingeni·

103 2333 157 2370 um
171 2311 237 2386 ejus
250 2307 371 2366 solidius
384 2317 433 2366 aut
442 2308 621 2366 constantius
629 2309 738 2375 habuit,
751 2309 844 2382 quaim

104 2387 326 2449 admirationem
338 2404 416 2444 verae
437 2388 532 2445 laudis
546 2397 575 2443 et
588 2387 708 2462 gloriae:
731 2387 845 2460 simpli·
919 2434 921 2437 .

104 2467 168 2528 citis
180 2477 279 2524 tamen
301 2466 410 2522 famam
429 2465 591 2524 aestimabat
609 2465 640 2521 in
654 2469 738 2522 hoste
753 2466 845 2539 quam
919 2524 921 2535 ,

106 2550 135 2604 iu
151 2547 230 2604 cive:
244 2543 352 2618 quippe
367 2544 456 2602 aisuis
465 2545 600 2601 credebat
610 2544 846 2618 magnitudinem
919 2568 921 2615 i

108 2645 193 2686 suam
210 2623 322 2680 destrui
346 2639 441 2694 posse,
463 2623 599 2677 eamdem
613 2622 772 2678 clariorem
786 2622 847 2679 fore
919 2666 921 2677 .

109 2703 166 2771 quo
179 2699 306 2778 majores
320 2697 440 2756 fuissent
450 2717 524 2771 quos
533 2698 596 2772 ipse
606 2697 729 2755 tu'cisset.
919 2696 921 2699 ’
