1875 3267
456 281 517 336 ³88

155 429 258 493 Nune,
280 424 459 501 ubicumque
480 433 573 482 mater
588 425 757 486 haberetur,
776 419 855 498 pff·

115 523 234 581 gravem
249 516 343 572 natus,
362 504 527 562 interficere
540 502 698 567 constituit,
713 498 855 579 haclffllls

114 585 287 650 consultans,
301 580 422 651 veneno,
444 600 480 638 an
502 582 590 649 serro,
609 583 653 638 rel
673 581 732 653 qua
745 577 805 632 aua
818 577 854 615 Ἠ·

112 658 286 734 Placuitque
297 663 393 736 primo
405 678 560 716 venenum.
590 661 647 715 bed
659 657 737 712 iuter
751 644 855 726 epulas

109 737 254 813 principis
273 740 298 795 si
311 741 437 807 daretur,
450 739 558 796 referri
567 740 603 795 ad
616 755 718 794 cacum
729 750 789 788 non
802 736 855 793 ΡΟ·

109 827 194 884 terat,
205 818 255 874 tali
267 818 328 893 jam
342 815 503 876 Britannici
518 816 618 873 exitio.
650 817 689 872 Et
701 811 854 868 ministros

109 905 221 953 tentare
237 898 360 953 arduum
374 897 523 954 videbatur
535 895 663 960 mulieri,
676 910 734 947 usu
748 887 855 944 sceler·

108 991 163 1032 um
177 973 315 1032 adversus
325 974 581 1032 insidiasintentae.
596 979 694 1045 Atque
702 970 767 1042 ipsa
776 979 854 1040 prae·
917 990 919 993 ·

109 1056 254 1118 sumendo
275 1055 403 1112 remedia
415 1053 560 1109 munierat
574 1066 691 1125 corpus.
723 1049 854 1102 Ferrum
917 1070 919 1077 ·

109 1141 139 1189 et
150 1133 247 1188 caedes
258 1149 383 1205 quonam
398 1132 485 1187 modo
499 1135 692 1188 occultaretur
704 1143 795 1182 nemo
808 1141 854 1182 re·

108 1209 248 1286 periebat,
262 1221 290 1268 et
303 1229 340 1268 ne
354 1209 419 1283 quis
434 1207 475 1265 illi
489 1219 568 1266 tanto
584 1204 707 1268 facinori
726 1204 853 1259 dilectus

105 1285 191 1364 jussa
205 1299 364 1362 sperneret,
377 1289 532 1344 metuebat.
567 1286 681 1346 Obtulit
693 1281 851 1356 ingenium
917 1314 919 1339 ι

107 1366 251 1424 Anicetus
281 1367 410 1434 libertus,
443 1366 544 1422 classis
576 1367 653 1440 apud
680 1360 847 1418 Misenum¹

106 1444 276 1518 praefectus,
298 1453 327 1500 et
348 1444 484 1518 pueritiae
501 1446 626 1501 Neronis
644 1444 796 1506 educator,
817 1454 851 1494 ac
917 1478 919 1521 3

106 1521 219 1580 mutuis
230 1521 304 1579 odiis
317 1521 484 1597 Agrippina
499 1523 618 1579 inrisus.
648 1517 732 1594 Ergo
744 1536 850 1575 navem
917 1538 919 1573 ;

106 1616 193 1674 posse
207 1602 344 1674 corrrponi
357 1601 451 1666 docet,
465 1602 549 1676 cujus
562 1619 630 1675 pars
649 1601 714 1673 ipso
729 1597 760 1653 in
774 1595 849 1652 mari
917 1598 919 1677 ξ

106 1694 162 1754 per
174 1689 268 1737 artem
288 1682 382 1736 soluta
394 1680 558 1736 effunderet
579 1679 723 1754 ignaram.
765 1675 848 1730 Nihil
917 1718 919 1721 -

106 1765 168 1813 tum
182 1775 272 1832 capax
287 1757 475 1815 fortuitorum
487 1756 578 1831 quam
595 1775 687 1825 mare,
699 1767 730 1812 et
743 1755 768 1810 si
780 1773 848 1812 nau·

105 1833 201 1910 fragio
219 1835 379 1909 intercepta
392 1836 439 1902 sit,
453 1853 540 1907 quem
562 1835 634 1892 adeo
656 1835 803 1908 iniquum,
816 1843 849 1890 ut
917 1886 919 1899 ,

106 1912 211 1969 sceleri
224 1912 363 1990 assignet,
374 1913 451 1987 quod
464 1912 542 1970 venti
555 1924 584 1970 et
596 1915 706 1970 fluctus
717 1912 848 1985 delique
917 1946 919 1957 =

103 1990 184 2047 rint?
206 1992 384 2049 Additurum
397 1991 561 2065 principem
582 1985 847 2066 defunctae'temp·
917 2020 919 2069 g

104 2069 178 2136 lum,
207 2079 237 2126 et
259 2089 333 2136 aras,
354 2080 383 2126 et
405 2081 501 2126 cetera
513 2072 692 2128 ostentandae
723 2068 845 2144 pietatis.

104 2147 220 2205 Placuit
233 2146 355 2215 solertia,
376 2157 510 2220 tempore
531 2147 621 2204 etiam
634 2148 743 2223 adjuta,
757 2165 847 2220 quan·

105 2225 143 2282 do
156 2225 395 2299 Quinquatruum
409 2225 498 2282 festos
512 2226 574 2282 ‹lies
590 2227 670 2300 apud
682 2225 770 2283 Baias
790 2225 846 2281 fre·
917 2228 919 2279 ἐ

104 2305 270 2378 quentabat.
311 2301 385 2360 Illuc
408 2313 534 2360 matrem
548 2303 636 2372 elicit,
649 2303 784 2360 ferendas
798 2321 847 2376 pa·
917 2306 919 2309 ’

104 2393 223 2440 rentum
235 2381 407 2449 iracundias,
417 2391 445 2438 et
458 2383 630 2455 placandum
642 2381 775 2438 animum
787 2381 845 2438 dic·
917 2396 919 2407 ·

104 2460 202 2528 titana,
215 2459 274 2534 quo
287 2477 437 2516 rumorem
452 2457 698 2517 reconciliationis
711 2460 845 2525 efficeret,

138 2633 153 2681 .¹
177 2633 315 2680 Μίεεηιιηι.
335 2634 357 2679 Α
371 2632 446 2679 small
459 2632 513 2694 city
523 2633 547 2679 in
558 2633 604 2682 tlte
615 2633 741 2697 kingdom
751 2631 781 2679 of
789 2636 843 2682 Nat·

102 2691 168 2753 ples,
184 2694 210 2742 iu
221 2696 267 2744 the
279 2695 399 2758 province
412 2695 444 2742 of
454 2697 566 2757 Labour.
595 2698 654 2752 The
664 2699 740 2752 ruina
750 2697 784 2748 of
796 2699 843 2749 the

101 2759 205 2808 ancient
217 2758 271 2824 city
283 2775 343 2823 may
355 2760 408 2811 still
426 2762 542 2834 benseen.
