1875 3267
464 234 525 290 122

124 382 253 443 cadentis
261 378 332 453 spei,
343 378 392 436 sed
400 378 490 436 etiam
501 377 578 448 odio,
586 375 699 454 inique,
707 379 880 454 postquam
915 402 917 423 ι

124 466 190 520 dolo
199 461 276 517 viam
289 462 440 533 obseptam
452 458 534 525 vidit,
545 459 657 514 bellum
668 469 777 532 aperte
793 458 880 514 moli-

125 542 234 598 endum
248 549 327 595 ratus
341 559 351 593 ε
372 537 531 594 circumire
542 538 667 611 supplex
676 536 820 595 Etruriae
831 554 881 610 ιιι·

123 623 186 687 bes3
197 635 279 674 orare
287 612 880 705 maxideeientes't'arqniniensesquq

125 717 163 754 ne
183 717 213 754 se
233 715 267 752 οι
269 707 333 754 tum
353 695 490 771 ejusdem
518 694 678 770 sanguinis,
706 702 879 761 extorrem,

126 786 276 851 agentem,
295 794 334 833 ex
354 783 433 831 tanto
451 771 542 830 modi>
562 790 656 847 regno
676 789 751 828 curn
775 771 877 830 liberis

126 853 356 913 adolescentibus
376 850 441 910 antis
461 853 562 908 ocrdos
588 870 656 908 suus
675 848 782 925 perire
796 850 876 907 sine·

52 988 54 994 .
127 943 200 992 rent.
234 933 317 992 Alios
328 949 452 1006 peregre
464 949 496 986 ιιι
509 947 636 1004 regnum
651 932 786 988 Romam
800 930 877 988 acci

127 1023 192 1071 tos
207 1033 237 1071 se
246 1012 595 1098 regemaugentembello
605 1009 705 1067 Rom
697 1007 875 1083 imperium,

127 1113 145 1149 a
167 1092 309 1184 proximis
334 1092 475 1149 sceleratis
506 1087 707 1163 conjuratione
739 1087 873 1160 pulsum

129 1171 209 1228 Eos
202 1182 278 1228 inter
291 1190 332 1239 se,
345 1167 511 1245 quianemo
519 1184 595 1224 unus
603 1167 674 1223 satis
680 1166 796 1242 dignus
809 1184 872 1241 reg·

128 1265 168 1305 no
186 1249 266 1306 visus
280 1250 326 1316 sit,
345 1259 443 1324 partes
463 1244 547 1320 regni
567 1245 706 1336 rapuisse,
717 1247 801 1301 bona
825 1263 871 1300 sua

130 1325 290 1400 diripienda
302 1328 411 1401 populo
424 1325 547 1391 dedisse,
555 1340 593 1379 ne
606 1323 677 1397 quis
685 1340 799 1397 expers
813 1341 872 1380 sce·

130 1404 199 1462 leris
218 1415 302 1460 esset.
283 1403 452 1460 tPatriam
473 1422 505 1459 se
525 1418 709 1491 regnumque
724 1419 818 1458 suum
829 1419 871 1458 re·

130 1493 240 1557 petere,
260 1493 289 1540 et
301 1480 437 1558 persequi
451 1481 581 1556 ingratos
594 1479 673 1536 ciues
685 1481 775 1537 velle.
803 1482 871 1538 Fer·

131 1570 196 1617 rent
208 1579 304 1636 opem,
314 1560 492 1637 adjuvarent,
503 1577 571 1616 suas
581 1575 696 1632 quoque
706 1558 841 1618 veteres
833 1577 871 1614 ιιι-

128 1638 334 1718 Junasultum
326 1650 412 1709 irent,
419 1648 461 1696 to
463 1639 506 1696 ies
515 1655 607 1696 eaesas
613 1637 756 1712 legiones,
767 1656 871 1713 agrum

132 1721 311 1812 ademptum.
351 1720 426 1776 Haee
440 1726 597 1776 moverunt
608 1717 760 1784 Veientes,
772 1731 807 1774 ac
820 1733 871 1807 pro

132 1817 164 1856 se
179 1800 312 1876 quisque,
326 1801 460 1857 Romano
474 1798 578 1854 saltem
590 1794 702 1866 duce,
695 1794 872 1884 ignominias

132 1879 301 1945 demendas,
312 1879 445 1951 belloque
466 1876 573 1932 amissa
592 1875 859 1945 repetendamma

133 1957 206 2014 citer
218 1954 357 2013 fremunt.
397 1953 626 2030 Tarquinienses
637 1969 746 2010 nomen
758 1970 869 2028 aecog·

131 2031 210 2092 natio
222 2044 330 2090 movet.
349 2034 512 2091 Pulchrum
523 2031 672 2088 videbatur
684 2049 754 2088 suos
765 2033 868 2091 Romae

133 2128 267 2188 regnare.
300 2114 344 2168 Ita
353 2113 411 2168 duo
421 2113 545 2169 duarum
555 2108 869 2178 civitatumexercitus,

136 2192 172 2249 ad
185 2191 376 2264 repetendum
391 2207 526 2265 regnum,
542 2189 676 2262 belloque
690 2206 867 2264 persequen-

134 2270 188 2326 dos
201 2269 361 2336 Romanos,
377 2269 469 2325 secuti
491 2265 698 2340 Tarquinium,
711 2265 866 2341 Postquam

134 2348 166 2404 in
179 2365 284 2422 agrum
298 2347 464 2404 Romanum
475 2355 656 2414 ventumest,
664 2343 782 2403 obviem
794 2347 867 2421 hosti

134 2428 270 2482 consules
289 2437 366 2484 eunt.
413 2426 561 2491 Valerius,
588 2427 729 2498 quadrato
745 2426 865 2499 agmine,

135 2505 265 2579 peditem
277 2506 356 2562 ducit
371 2525 380 2558 ι
401 2504 513 2561 Brutus
526 2503 562 2559 ad
575 2503 788 2578 explorandum
800 2521 865 2560 cum

136 2584 267 2657 equitatu
287 2581 451 2638 antecessit.
503 2581 616 2637 Eodem
644 2582 732 2637 modo
759 2581 866 2654 primus

137 2658 375 2734 eques‘hostium
388 2656 515 2732 agminis
528 2658 590 2714 fuit.
622 2660 750 2715 Praeerat
771 2661 866 2718 Aruns

120 2767 124 2772 -
137 2736 318 2815 Tarquinius
331 2735 409 2792 iilius
422 2735 510 2809 regis.
550 2738 617 2794 Rex
629 2736 693 2808 ipse
701 2753 773 2794 cum
782 2737 867 2814 legio·
915 2780 917 2805 ÷
