1875 3267
449 272 513 326 235

52 469 54 480 ,
101 423 218 474 ntum
242 423 298 484 est,
318 415 457 490 pulsique
484 415 610 476 Romani
635 415 748 491 equites
772 431 861 494 terge

99 501 238 553 «vedum.
252 493 563 568 Subequestrisfinem
571 494 749 565 certaminis,
758 511 858 556 coorta

103 583 158 631 nst
166 575 301 647 peditum
308 591 418 648 pugna.
439 571 542 629 Primd
549 584 580 630 et
591 573 699 630 viribus
708 586 738 632 et
750 575 858 634 animis

106 653 379 726 paresoenstabant
392 649 509 708 ordines
521 651 624 722 Gallis,
638 651 855 730 Hispanisquee

102 731 230 788 amuem
251 729 378 788 Romani
391 727 441 786 dib
462 749 496 786 ac
520 728 600 803 saepd
626 731 745 798 connisi,
767 736 856 806 aequi

101 807 341 883 {mnte‘acieque
355 809 444 866 densi
458 808 605 882 impulere
625 808 754 866 hostium
767 827 857 868 cune-

103 906 165 946 um
181 886 276 946 unsis
295 898 426 956 tenuem,
444 885 540 962 abque
560 883 668 962 pardm
688 887 856 956 validum&

99 967 221 1024 uteri
236 965 454 1040 prominentem
477 964 549 1023 acie.
589 967 732 1040 Impulsis
753 964 856 1024 deinde

103 1063 145 1104 ec
165 1043 280 1118 trepide
303 1042 497 1100 referentibus
516 1044 624 1118 pedem
636 1043 796 1101 insistere:
820 1063 854 1102 ac

108 1133 213 1182 tenure
223 1139 282 1180 uno
290 1140 344 1197 per
357 1140 607 1196 praecepspavore
618 1120 795 1196 fugientium
805 1135 856 1196 ag·

101 1217 181 1258 men
196 1194 372 1258 inmediam
386 1201 518 1272 primum
532 1200 624 1258 aciem
638 1199 728 1268 illati3
743 1212 857 1274 postre-

104 1279 163 1338 md
177 1279 260 1336 nullu
275 1281 429 1337 resistente
443 1281 479 1338 ad
493 1278 620 1336 subsidia
636 1279 778 1336 Afrorum
791 1295 857 1351 per·

108 1367 254 1416 venerunt
265 1378 274 1412 ι
287 1358 338 1431 qui
351 1355 490 1430 utrinque
509 1357 640 1414 reductis
652 1356 707 1414 alis
720 1357 857 1414 constite-

109 1443 187 1504 rant,
199 1437 299 1494 media
314 1438 372 1512 qud
393 1435 472 1492 Galli
493 1435 678 1510 Hispanique
699 1443 854 1501 steterunt,

106 1512 292 1588 aliquantum
312 1513 497 1588 prominente
511 1513 592 1570 acie:
617 1514 668 1588 qui
688 1533 809 1582 cuneus,
821 1525 856 1572 ut

106 1593 214 1667 pulsis
227 1591 362 1668 ‘aequavit
382 1591 509 1648 frontem
527 1589 670 1665 primum,
689 1590 791 1650 deinde
811 1593 855 1649 ni-

106 1671 199 1730 tendo
212 1672 300 1728 etiam
314 1670 415 1726 sinum
434 1671 465 1724 in
479 1669 577 1726 medio
592 1668 680 1737 dedit,
693 1669 760 1727 Ani
775 1670 856 1728 circi

106 1747 172 1826 jam
186 1767 297 1806 cornua
309 1748 439 1806 feceruut
451 1745 685 1828 irruentibusque
696 1746 811 1803 incauti
824 1749 855 1805 in

107 1828 244 1886 medium
272 1825 423 1892 Romanis,
442 1822 666 1881 circumdedere
686 1826 762 1891 alas3
783 1843 855 1883 mox

108 1923 221 1966 cornua
239 1904 434 1970 extendendO,
448 1905 579 1960 elausere
592 1913 622 1959 et
643 1905 678 1959 ab
690 1912 776 1977 tergo
789 1903 856 1959 hos·

107 1995 165 2042 tes.
196 1987 274 2046 Hinc
288 1981 414 2042 Romani
429 1979 558 2038 defuncti
571 1979 770 2055 nequicqudm
778 1999 855 2056 prae·
920 1996 921 2029 t

106 2066 150 2122 lio
163 2083 233 2134 uno,
252 2061 371 2121 omissis
385 2059 480 2118 Gallis
499 2058 706 2134 Hispanisque,
726 2078 854 2133 quorum
919 2102 920 2111 ,

107 2151 195 2218 terga
215 2143 390 2206 ceciderant,
410 2136 499 2197 etiam
520 2137 660 2196 adveneris
672 2137 762 2195 Afros
781 2137 856 2195 inte·

104 2237 335 2297 grumpugnam
347 2220 462 2286 ineunt3
478 2215 702 2274 nontsntdmeb
712 2216 855 2291 iniquam,
917 2220 918 2271 i

108 2298 189 2374 qudd
202 2298 308 2357 inclusi
329 2295 467 2355 adversds
481 2295 685 2365 circumfusos,
698 2297 750 2353 sed
763 2294 853 2353 etiam

108 2377 188 2450 qudd
201 2377 271 2436 fessi
292 2396 361 2436 cum
382 2374 548 2434 recentibus
561 2394 597 2432 ac
616 2373 729 2450 vegetis
741 2391 855 2450 pugna·

106 2458 185 2514 bant.

147 2535 215 2594 Jam
228 2533 298 2592 etin
312 2533 429 2591 sinistro
443 2550 535 2590 comu
549 2529 749 2598 Romamnubi
761 2527 854 2586 socio-

102 2630 176 2671 rum
191 2611 307 2689 equites
317 2609 455 2670 adversus
468 2610 613 2668 Numidas
628 2617 854 2676 steterantcon·

106 2691 362 2764 settumpraelium
372 2701 446 2748 emt:
462 2687 667 2764 segueprimo,
677 2684 854 2742 etaruntca

106 2781 237 2846 coeptum
256 2769 365 2828 fraude.
403 2767 564 2844 Quingenti
585 2762 678 2822 ferme
692 2762 856 2820 Numidae:

107 2849 217 2928 preter
226 2849 306 2929 justa
314 2867 396 2907 arma
404 2847 529 2924 telaque,
537 2842 648 2928 gladios
656 2843 786 2899 occrdtos
796 2842 851 2923 sub

915 2284 917 2351 i
