1875 3267
402 312 456 364 115

94 451 215 519 Brutus,
233 449 293 509 illis
320 449 402 509 luctu
422 447 583 524 occupatis,
600 451 731 508 cultrum
757 467 798 508 en

48 530 177 586 vulnere
190 529 337 587 Lueretiae
358 537 528 586 extractum
549 541 715 586 manantem
728 546 799 585 cru·

44 625 104 664 ore
121 623 185 682 prae
200 618 357 677 retenens,
370 610 428 666 Per
442 610 532 677 hunc,
543 606 647 681 inquit.
668 605 797 665 castissi-

44 703 141 742 mum
153 686 219 764 ante
233 686 347 764 regiam
360 686 502 765 injuriam
525 686 700 761 sanguinem
719 686 797 763 juro,

45 782 166 838 vosque
180 765 241 836 Dii,
252 775 343 824 testes
362 765 447 835 facio,
469 783 519 822 me
540 767 574 822 L.
600 763 798 837 Tarquinium

48 843 236 918 Superbum,
250 856 320 900 cum
334 845 473 903 scelerati
483 843 620 922 conjuge,
630 854 661 901 et
673 844 754 900 omni
765 842 801 900 li·

47 922 194 980 beronrm
208 923 307 996 stirpe,
320 923 406 992 ferro,
416 921 489 998 igni,
499 921 798 998 qudcumquedehinc

47 999 81 1054 ri
95 999 219 1073 possim,
232 1011 463 1068 exsecuturum
484 1019 539 1058 nee
551 1001 627 1069 illos,
639 1018 695 1057 nec
707 999 798 1058 alium

49 1095 236 1150 quemquam
257 1095 381 1152 regnare
403 1077 508 1136 Romae
523 1097 690 1153 passurum·
729 1080 800 1136 Cul-

48 1163 135 1213 trum
155 1153 259 1212 deinde
284 1156 429 1214 Collatino
448 1157 557 1227 tradit3
573 1155 644 1214 inde
657 1157 801 1214 Lucretio

48 1251 87 1292 ac
103 1234 232 1302 Valerio,
246 1236 430 1310 stupentibus
438 1236 586 1295 miraculo
595 1237 647 1300 rei,
658 1234 736 1292 unde
746 1253 799 1292 nc·
891 1226 898 1240 ’

47 1329 124 1368 vum
136 1313 167 1370 in
179 1314 263 1372 Bruti
276 1324 397 1388 pectore
410 1313 575 1390 ingenium.
609 1315 653 1370 Ut
665 1330 798 1390 praecep·

46 1399 118 1446 turn
136 1401 208 1461 erat,
218 1390 344 1468 jurant:
362 1389 474 1468 totique
494 1395 531 1450 ab
555 1395 637 1453 luctu
660 1392 751 1450 uersi¹
764 1393 797 1452 in

46 1469 138 1538 iram,
150 1471 277 1528 Brutum
284 1471 347 1550 jam
356 1467 472 1540 indeed
484 1473 716 1549 expugnandum
729 1489 796 1548 reg·

45 1565 125 1606 num
151 1547 306 1608 vocantem
330 1560 492 1622 sequuntur
514 1554 631 1611 ducem.
671 1549 796 1608 Elatum

47 1627 142 1684 domo
154 1627 306 1686 Lucretiae
326 1645 444 1702 corpus,
470 1628 502 1684 in
524 1627 625 1686 forum
648 1627 795 1698 deferunt,

47 1703 247 1782 concientque
259 1705 416 1776 miraculo,
435 1716 475 1764 ‘ut
493 1705 536 1776 fit,
553 1706 597 1763 rei
608 1722 692 1763 novae
705 1716 795 1780 atque

47 1783 225 1860 indignitate
239 1785 394 1854 homines3
415 1801 470 1859 pro
491 1802 522 1841 se
548 1783 674 1857 quisque
699 1785 796 1841 scelus

48 1861 170 1938 regium
182 1883 217 1922 ac
231 1864 293 1922 vim
308 1873 479 1938 queruntur.
512 1863 613 1919 Movet
625 1872 692 1917 tum
704 1863 796 1936 patris

47 1941 197 2012 moestitia,
209 1953 275 2000 tum
289 1939 410 2010 Brutus,
428 1940 585 2016 castigator
596 1941 795 2015 lacrymarum

49 2029 139 2094 atque
152 2022 293 2080 inertium
307 2023 504 2096 querelarum,
526 2029 699 2094 auctorque
716 2023 793 2095 quod

49 2099 137 2168 viros,
150 2102 227 2174 quod
241 2098 392 2176 Romanos
405 2101 532 2168 deceret,
554 2115 637 2156 arma
659 2100 792 2175 capiendi

49 2175 192 2236 adversus
204 2179 320 2236 hostilia
339 2197 434 2237 ausos.
474 2177 690 2237 Ferocissimus
712 2179 793 2252 quis·

50 2275 112 2330 que
123 2256 267 2332 juvenum
281 2275 353 2315 eum
380 2256 471 2315 arinis
488 2256 668 2316 voluntarius
687 2259 791 2324 adest;

51 2335 188 2408 sequitur
200 2346 229 2393 et
241 2346 349 2398 caetera
359 2337 506 2413 juventus.
558 2333 629 2392 Inde
641 2335 704 2408 pari
717 2353 793 2410 prae-

51 2413 127 2470 sidio
140 2413 241 2472 relicto
253 2414 385 2474 Collatiae
399 2416 436 2472 ad
448 2424 555 2489 portas,
566 2415 792 2489 custodibusque

52 2489 137 2560 datis,
149 2509 187 2548 ne
201 2491 266 2566 quis
276 2511 346 2550 eum
359 2505 476 2551 motum
489 2492 610 2568 regibus
621 2492 792 2551 nunciaret:

52 2570 154 2628 caeteri
176 2571 289 2638 armati,
311 2573 386 2630 duce
406 2575 507 2641 Bruto,
521 2573 649 2631 Romam
660 2569 792 2644 profecti.

53 2649 113 2706 Ubi
126 2647 161 2706 eti
174 2659 296 2707 ventum
309 2659 363 2718 est,
378 2666 566 2727 quacumque
580 2649 689 2705 incedit
697 2665 792 2704 arma-

54 2739 83 2784 ta
106 2728 270 2796 multitudo,
289 2729 428 2804 pavorem
452 2748 486 2784 ac
510 2723 674 2783 tuinultum
698 2722 792 2790 faeit3

55 2805 158 2865 ruralis
170 2807 220 2868 ubi
241 2808 351 2866 anteire
371 2807 520 2882 primores
541 2803 667 2862 civitatis
684 2801 793 2877 rident,
