1875 3267
444 248 507 302 354

115 395 167 467 qui
178 397 206 451 in
217 393 323 466 oppida
334 391 495 465 compulsi,
502 409 536 448 ac
545 389 634 448 simili
643 390 747 465 inopiis
757 395 854 450 subac-

114 472 148 540 ti,
160 489 263 530 eornm
274 469 458 543 corporibus,
467 470 518 542 qui
530 478 613 526 aetate
624 467 744 526 inutiles
754 473 855 528 adbel·

115 553 178 607 lum
191 550 371 618 videbantur,
386 548 478 604 vitain
497 549 705 615 toleraverunt,
717 565 815 621 neque
827 569 856 605 se

114 629 246 684 hostibus
263 626 492 685 transdiderunt,
511 623 608 701 Cujus
621 626 664 682 rei
685 630 855 700 exemplum

116 706 212 765 sinon
226 707 411 774 haberemus,
430 713 532 762 tamen
550 703 693 760 libertatis
713 709 804 762 causi
816 704 857 760 in-

115 783 209 840 stituti
221 795 249 840 et
262 784 389 858 posteris
401 783 484 854 prodi
499 782 736 855 pulcherrimum
747 781 857 858 judica·

116 879 193 918 rem.
233 864 312 919 Nam
326 861 397 936 quid
407 861 476 917 huic
489 859 586 917 simile
595 861 673 918 bello
684 860 762 917 fuit?
775 862 859 936 depo-

117 943 218 1014 pulati
245 942 352 1008 Galliis,
378 942 548 1014 magnaque
573 938 654 994 illata
687 940 858 1009 calamitate,

118 1018 235 1076 Cimbri
248 1019 355 1076 linibus
367 1016 477 1074 nostris
489 1015 645 1090 aliquandi>
659 1032 859 1085 excesserunt,

121 1109 207 1171 atque
219 1097 289 1154 alias
297 1108 390 1153 terras
398 1095 563 1168 petierunt:
576 1093 653 1171 jura,
663 1097 757 1171 leges,
767 1115 859 1172 agros,

119 1177 286 1232 libertatem
297 1174 382 1232 nobis
400 1174 611 1248 relinquerunt.
652 1175 780 1232 Romani
794 1177 860 1233 vero

120 1252 193 1326 quid
213 1265 317 1326 petunt
336 1253 423 1320 aliud,
435 1263 488 1309 aut
507 1251 578 1326 quid
596 1253 707 1320 volunt,
718 1252 777 1310 nisi
790 1253 859 1310 iuri-

118 1333 168 1388 dii
189 1332 313 1400 adducti,
333 1351 407 1403 quos
428 1330 508 1388 iamir
527 1329 650 1395 nobiles,
670 1341 859 1405 potentesque
884 1367 889 1375 -

119 1412 197 1466 bello
208 1419 418 1484 cognoverunt,
428 1410 536 1465 horum
548 1409 577 1465 in
590 1409 673 1482 agris
686 1409 858 1470 civitatibus·

120 1507 179 1564 que
198 1487 357 1555 considere,
378 1497 464 1560 aterne
486 1485 533 1543 his
547 1497 687 1545 aeternam
700 1487 856 1563 injungere

63 1601 65 1606 ·
107 1563 312 1630 servitutem?
334 1565 525 1638 nequeenim
544 1563 677 1638 unqudm
689 1566 748 1622 alis
763 1568 857 1623 condi-

121 1643 201 1701 tione
213 1647 288 1701 bella
302 1653 465 1718 gesserunt.
505 1643 595 1714 Quod
607 1643 631 1698 si
651 1661 696 1712 ca,
715 1663 787 1717 quae⁴
801 1648 859 1701 lon·

124 1722 245 1797 ginrpris
258 1721 422 1780 nationibus
442 1732 595 1796 geruntur,
606 1720 759 1794 ignoratis,
773 1724 859 1797 respi-

124 1803 181 1857 cite
202 1801 358 1859 finitimam
378 1800 514 1868 Galliam,
539 1817 608 1873 quae
628 1799 659 1854 in
678 1800 857 1858 Provinciam

124 1882 248 1946 redacta,
261 1880 335 1954 jure,
343 1890 372 1935 et
382 1879 496 1954 legibus
506 1877 704 1943 commutatis
713 1881 859 1936 securibus

124 1957 267 2032 subjecta,
287 1962 427 2032 perpetui
446 1953 591 2030 premitur
604 1957 753 2013 servitute.
793 1961 860 2014 Sen-

124 2035 222 2091 tentiis
243 2036 337 2104 dictis,
349 2038 537 2101 constituunt,
556 2042 597 2100 ut,
617 2033 668 2106 qui
690 2037 860 2102 valetudine,

124 2124 174 2170 ant
187 2111 305 2170 inutiles
314 2124 383 2171 sunt
394 2117 478 2180 bello,
488 2111 594 2186 oppido
603 2115 764 2170 excedant:
778 2126 858 2187 atque

124 2189 226 2248 omniu
238 2188 321 2264 priris
335 2193 535 2264 experiantur,
544 2189 634 2264 quim
648 2193 685 2248 ad
699 2192 859 2268 Critognati

125 2269 497 2326 sententiamdescendant:
510 2269 665 2326 illotarneu
676 2269 775 2343 potiris
783 2283 861 2351 uten-

124 2349 196 2406 dum
205 2348 334 2414 consilio,
344 2347 368 2404 si
377 2365 424 2404 res
433 2359 520 2424 cogat
532 2360 619 2422 atque
627 2347 739 2406 auxilia
749 2369 861 2406 moren-

127 2436 187 2496 tur,
207 2424 297 2498 quim
317 2425 470 2483 deditionis
496 2438 545 2484 aut
570 2424 654 2500 pacis
681 2429 861 2486 subeundam

123 2504 333 2562 conditionem.
360 2502 523 2573 Mandubii,
536 2503 587 2578 qui
599 2523 652 2561 eos
664 2506 773 2580 oppido
785 2525 863 2564 rece-

123 2592 237 2655 perant,
250 2601 318 2639 cnm
332 2581 431 2638 liberis
444 2595 538 2657 atque
551 2582 693 2640 uxoribus
715 2582 799 2641 exire
813 2603 860 2642 co·

124 2669 242 2730 guntur.
264 2659 299 2728 Ii,
312 2658 405 2733 quum
418 2662 453 2717 od
468 2660 859 2720 munitiones'llomanorum

121 2735 321 2808 accessissent,
329 2737 431 2796 tientes
441 2739 576 2800 omnibus
585 2740 723 2814 precibus
734 2743 860 2810 orabant,
