1875 3267
457 241 518 298 327

87 383 254 452 Quirites,
267 401 327 440 non
340 383 423 442 sacili
438 387 514 442 hanc
525 393 635 443 tantam
653 387 763 443 molem
780 386 852 444 mali

87 459 107 516 ai
122 461 305 519 cervicibus
317 464 421 520 vestris
434 461 624 536 depulissem.
657 465 724 520 Non
739 466 786 523 ilie
802 482 853 520 no-

87 542 138 597 bis
153 539 331 604 Saturnalia
352 541 562 609 constituisset,
582 539 676 616 nequi:
694 553 773 598 tanto
787 540 852 598 anti

89 618 185 676 exitii
216 639 252 678 ac
276 618 327 676 fati
349 619 427 676 diem
450 617 620 693 reipublicae
644 619 852 687 denuntiasset,

89 714 202 771 neque
218 696 417 774 commisisset
430 707 462 754 ut
477 696 605 772 signum,
624 705 657 753 ut
669 697 771 755 litterae
788 717 850 756 suae

89 785 195 832 testes
231 773 377 832 manifesti
403 775 524 833 sceleris
549 772 851 848 deprehenderentur:

91 871 167 928 quae
183 871 277 920 nunc,
290 853 340 911 illo
354 854 480 924 absente,
501 851 544 911 sic
557 863 640 928 gesta
653 866 729 920 sunt,
742 866 775 911 ut
787 857 853 912 nul·

92 933 165 988 lum
191 931 227 988 in
249 931 360 1004 privati
373 933 461 989 domo
474 933 586 990 furtum
598 928 730 1005 unquam
744 931 780 988 sit
791 942 852 989 tam

94 1008 205 1083 palaim
220 1009 381 1077 inventum,
403 1008 495 1082 quam
514 1012 580 1069 haec
593 1019 672 1067 tanta
683 1006 714 1066 in
728 1010 854 1084 republi-

95 1090 135 1144 ca
152 1085 326 1164 conjuratio
338 1086 496 1144 manifesti>
508 1087 625 1146 inventa
645 1097 731 1162 atque
751 1090 853 1162 depre-

98 1167 207 1224 hensa
221 1175 273 1223 est.
313 1163 402 1238 Quid
425 1167 449 1222 si
462 1165 587 1224 Catilina
599 1166 628 1223 in
639 1168 710 1242 urbe
723 1168 759 1224 ad
777 1169 852 1238 hanc

98 1243 189 1301 diem
204 1243 413 1302 remansisset:
436 1242 605 1320 quanquaim
615 1241 781 1320 quoadfuit,
790 1263 854 1301 om·

100 1322 196 1380 nibus
221 1322 285 1399 ejus
307 1319 437 1380 consiliis
458 1321 577 1382 occurri
589 1332 677 1397 atque
690 1323 797 1389 obstiti,
811 1334 853 1380 ta-

100 1419 191 1469 men,
216 1411 249 1456 ut
270 1400 416 1458 levissimi
438 1402 546 1471 dicam,
559 1401 761 1460 dimicandum
770 1403 854 1459 nobis

101 1497 178 1536 eum
193 1479 245 1536 illo
257 1478 368 1548 fuisset,
381 1479 475 1553 nequi
487 1497 542 1536 nos
559 1498 699 1554 unquam,
712 1478 785 1536 diam
802 1480 852 1537 ilie

102 1556 136 1614 in
152 1558 228 1616 urbe
241 1558 333 1614 hostis
346 1556 457 1624 fuisset,
469 1558 556 1614 tantis
566 1557 704 1632 periculis
714 1561 853 1633 rempub·

103 1634 200 1694 licam
222 1638 302 1693 tantia
328 1653 410 1712 paee,
436 1645 517 1695 tanto
537 1637 606 1708 otio,
626 1644 706 1696 tamo
725 1634 851 1706 silentio,

103 1712 326 1772 iiberassemus.
