1875 3267
378 332 381 336 ¹
412 371 477 426 aas

71 510 151 570 sein
174 509 374 570 humilitatem
394 529 529 572 caussam
547 511 716 573 dicentium.
766 514 827 582 Ubi

71 589 138 648 dies
152 588 247 658 venit,
258 591 397 666 citarique
408 595 514 652 absens
526 602 572 649 cst
585 591 704 666 coe'ptus,
718 593 752 651 L.
764 593 829 650 Sci·

70 666 124 744 pio
137 670 283 726 morbum
302 687 437 728 caussam
451 689 516 727 esse
537 688 590 728 cur
602 674 724 739 abesset,
735 690 827 728 excu-

71 749 174 804 sabatr
212 747 313 817 Quam
333 749 555 806 excusationem
578 748 672 822 qulam
700 746 828 808 Tribuni

71 825 126 899 qui
140 825 227 882 diem
246 825 390 895 dixerant,
411 845 470 884 non
496 826 672 900 acciperent,
686 837 715 883 et
731 830 766 883 ab
779 830 829 884 ea·

72 905 144 960 dem
160 905 302 976 superbia
317 921 375 960 uon
395 904 494 962 venire
514 907 552 964 ad
572 923 709 963 caussam
730 906 829 960 dicen·

73 983 145 1038 dam
168 992 339 1056 arguerent,
369 985 428 1056 qua
446 981 594 1057 judicium
628 994 658 1042 ct
681 982 829 1042 Tribunos

71 1061 172 1134 plebis
187 1069 219 1116 et
232 1060 405 1118 concionem
419 1059 586 1134 reliquisset
598 1083 606 1130 ;
627 1072 656 1118 ct
670 1060 831 1135 quibusjus

73 1139 111 1196 dc
122 1155 157 1195 se
172 1136 308 1198 dicendae
322 1137 474 1196 sententiae
488 1151 517 1198 et
525 1140 692 1197 libertatem
704 1136 831 1195 ademis-

75 1226 131 1284 set,
145 1216 196 1274 his
217 1216 383 1284 comitatus,
401 1217 484 1274 velut
506 1228 606 1290 captos
626 1219 755 1283 trahens,
779 1213 846 1288 tri-⁴

74 1297 229 1369 umphum
242 1299 278 1354 de
292 1297 399 1371 populo
413 1296 548 1354 Romano
560 1297 680 1372 egisset,
688 1293 831 1364 secessio·

74 1389 209 1446 nemque
221 1373 311 1431 codic
321 1374 352 1430 in
366 1372 546 1448 Capitolium
560 1373 577 1430 d
589 1372 830 1448 Tribunisplebis

75 1449 219 1510 fecisset:
240 1453 362 1510 Habetis
380 1450 452 1528 crgd
464 1452 640 1510 temeritatis
661 1453 740 1511 illius
751 1469 830 1508 mer-

76 1529 186 1586 cedem
202 1548 210 1583 :
232 1530 299 1600 Quo
322 1533 398 1588 duce
411 1541 441 1586 ct
453 1541 572 1588 auctore
594 1549 648 1587 nos
661 1529 830 1605 reliquistis,

77 1608 112 1662 ab
126 1627 164 1664 eo
176 1606 235 1681 ipsi
253 1609 347 1666 relicti
360 1608 449 1665 estis:
470 1608 512 1664 Et
532 1608 647 1666 tantrlm
660 1608 829 1666 animorum

76 1683 173 1744 indies
186 1687 269 1746 nobis
282 1687 434 1752 decrescit,
449 1697 481 1742 ut
495 1686 531 1745 ad
545 1704 635 1759 quem
661 1684 726 1742 ante
747 1684 829 1741 annis

78 1767 302 1837 septemdecim,
317 1765 486 1822 exercitum
499 1773 528 1819 et
537 1765 662 1820 classem
676 1764 831 1818 habentem

78 1840 230 1900 Tribunos
250 1845 344 1917 plebis
366 1842 555 1914 AEtlilcmque
577 1841 607 1896 in
621 1839 748 1898 Siciliam
763 1838 832 1894 mit·

76 1928 141 1978 tere
155 1923 219 1988 ausi
232 1940 346 1990 sumus,
355 1921 405 1996 qui
415 1921 630 1994 prehenderent
643 1936 722 1986 cum,
735 1926 765 1974 et
774 1917 832 1972 Ro·

80 2014 163 2055 mam
179 2001 371 2069 reducerent;
392 2001 511 2057 adeum
533 1997 678 2070 privatum
700 2015 739 2052 ex
760 1990 831 2053 villa

80 2079 136 2132 sua
149 2080 362 2137 extrahendum
381 2079 417 2136 ad
437 2094 570 2136 caussam
589 2077 744 2144 dicendam
762 2072 832 2131 mit·

82 2162 144 2212 tere
164 2173 222 2213 non
235 2158 418 2224 audeamus?
441 2155 566 2213 Tribuni
588 2153 681 2229 plebis
695 2149 832 2228 appellati

82 2233 117 2286 ab
133 2236 166 2292 L.
181 2235 326 2308 Scipione,
339 2233 379 2292 ita
388 2235 589 2301 decreverant,
600 2234 632 2290 Si
645 2233 739 2290 morbi
749 2247 833 2287 caus·

83 2328 115 2368 sa
129 2324 330 2382 excusaretur,
353 2313 405 2370 sibi
426 2314 543 2387 placere
557 2311 651 2383 accipi
667 2329 735 2370 eam
748 2327 833 2365 caus·

86 2407 151 2448 sam
173 2393 312 2466 diemque
334 2389 351 2448 εἰ
373 2391 496 2466 collegis
520 2389 643 2463 prodici.
680 2387 833 2445 Tribunus
906 2392 907 2395 ’

84 2467 176 2538 plebis
188 2488 222 2527 co
231 2481 364 2542 tempore
374 2471 442 2527 Tib.
475 2467 667 2541 Sempronius
677 2466 833 2523 Gracchus

86 2556 157 2612 erat,
170 2549 217 2604 cui
239 2547 402 2606 inimicitiae
417 2565 488 2604 cum
504 2546 537 2601 P.
557 2542 694 2618 Scipione
706 2543 833 2599 interce·

85 2624 207 2683 debant:
229 2625 264 2694 is,
278 2623 373 2700 qudm
393 2624 533 2683 vetuisset
553 2626 661 2678 nomen
681 2637 771 2676 suum
784 2616 833 2674 de·

86 2712 165 2759 creto
178 2705 359 2780 collegarum
379 2700 511 2768 adscribi,
536 2697 754 2769 tristioremque
768 2711 834 2751 om·
892 2721 896 2729 ·

66 2823 69 2830 .
86 2783 318 2840 bessententiam
325 2786 522 2856 expectarent,
534 2775 575 2831 ita
583 2771 832 2840 decreviaQuum
904 2848 905 2851 Ἴ

88 2858 122 2918 L.
135 2859 234 2934 Scipio
247 2871 370 2926 excuset
383 2857 520 2925 morbum
538 2868 606 2916 esse
626 2865 762 2918 caussam
775 2845 833 2906 fra·
893 2898 905 2933 r
