1875 3267
494 281 534 335 74

184 423 354 484 Alexander
367 425 510 498 quadrato
527 425 657 500 agmine,
670 430 751 502 quod
764 431 829 504 ipse
841 434 891 490 du·
918 462 920 499 ς

146 506 238 572 cebat,
251 503 331 562 velut
344 502 374 559 in
388 503 483 560 aciem
492 502 579 574 irent,
589 505 706 580 ingredi
720 527 792 567 suos
802 511 886 588 jubet
918 586 920 591 Ι

146 583 260 659 Magna
268 599 335 655 pars
349 579 576 656 Babyloniorum
598 585 772 646 constiterat
785 588 816 646 in
829 609 888 646 mu-

144 660 195 731 ris,
207 660 289 718 avida
302 661 499 736 cognoscendi
511 679 622 718 novum
635 682 749 739 regem.
792 670 889 726 Plures

144 737 263 798 obviam
276 738 391 814 egressi
405 748 493 808 sunt;
513 739 589 797 inter
602 746 889 821 quosBagopbanes,
918 756 920 817 j

144 819 222 880 arcis
242 829 272 877 et
292 817 383 895 regiae
403 818 539 894 pecuniae
559 831 676 878 custos:
697 841 736 880 ne
758 826 856 885 studio
874 826 889 881 i
918 842 920 847 ·

146 899 264 958 Mazaeo
277 898 452 966 vinceretur,
474 906 571 955 totum
591 898 649 955 iter
665 901 793 960 floribus
812 925 889 962 coro-

144 969 611 1054 nisqueconstraveratargenteis
621 980 759 1038 altaribus
767 995 887 1058 utroque

145 1061 234 1116 latere
258 1053 417 1128 dispositis,
438 1072 514 1129 quae,
531 1071 591 1113 non
613 1059 701 1115 thure
723 1063 825 1131 modo,
845 1066 888 1120 sed

145 1135 285 1196 omnibus
298 1134 434 1192 odoribus
444 1137 663 1192 cumulaverat:
677 1157 749 1194 eum
759 1142 839 1199 dona
851 1162 888 1200 se-
918 1136 920 1149 '

145 1217 321 1292 quebantur,
331 1231 439 1290 greges
449 1231 592 1288 pecorum
601 1233 833 1292 equorumque;
854 1226 889 1279 le·
918 1236 920 1303 g

145 1311 217 1352 ones
231 1309 350 1366 quoque
363 1303 394 1347 et
403 1294 538 1365 pardales
547 1293 642 1350 caveis
651 1295 889 1368 praeferebantur.
918 1350 920 1359 .

145 1370 231 1444 Magi
244 1367 359 1436 deinde,
381 1387 435 1424 suo
454 1389 537 1426 more
559 1372 688 1443 patrium
709 1393 835 1436 carmen
849 1401 890 1436 ca·
918 1380 920 1385 ’

144 1461 257 1506 nentes.
297 1447 368 1505 Post
381 1448 435 1504 hos
447 1449 589 1519 Chaldaei,
603 1449 890 1533 Babyloniorumque

144 1543 204 1582 non
216 1533 298 1580 vates
311 1524 409 1591 modo,
430 1527 482 1582 scd
502 1528 590 1584 etiam
603 1530 732 1588 artifices
746 1553 821 1593 cum
834 1538 891 1595 lidi-

144 1605 200 1663 bus
214 1602 260 1662 sui
274 1603 391 1680 generis
404 1602 501 1662 ibant:
522 1607 652 1665 laudesii
666 1626 775 1686 regum
790 1635 890 1673 canere
918 1618 920 1687 j

146 1682 225 1744 soliti
239 1705 246 1753 3
269 1682 403 1742 Chaldaei
418 1683 549 1742 siderum
562 1698 662 1745 motus
672 1699 702 1744 et
715 1702 808 1750 statas
821 1707 881 1752 tem
918 1712 920 1721 ·

145 1781 254 1840 porum
265 1763 345 1820 vices
358 1764 520 1824 ostendere.
542 1765 663 1838 Equites
677 1767 785 1827 deinde
803 1775 890 1849 Raby-

146 1841 227 1911 lonii,
242 1860 296 1900 suo
315 1852 402 1918 atque
424 1861 571 1917 equorum
593 1847 674 1903 cultu
689 1847 726 1903 ad
739 1853 891 1910 luxuriam

147 1922 244 2009 magis
258 1919 350 1994 quam
364 1922 400 1978 ad
420 1920 671 1996 magnificentiam
696 1941 816 1999 exacto,
828 1932 893 1989 ulti·
918 1938 920 1943 '

146 1999 190 2058 mi
203 2001 292 2062 ibant.
313 1999 389 2066 Rex,
403 1999 523 2056 armatis
534 2000 666 2074 stipatus,
675 2006 891 2080 oppidanorum

142 2077 265 2134 turbam
279 2084 344 2150 post
364 2077 485 2136 ultimos
505 2079 619 2154 pedites
638 2101 682 2139 rre
701 2099 810 2161 Jussrt3
832 2109 892 2164 ipse

149 2175 218 2213 cum
233 2172 320 2230 curru
337 2156 440 2214 urbem
461 2177 495 2215 ac
515 2159 621 2215 deinde
639 2163 752 2237 regiam
767 2164 891 2226 intrarit.

148 2235 270 2292 Postero
284 2231 330 2290 die
341 2235 554 2305 supellectilem
566 2237 650 2294 Darii
664 2252 693 2296 ct
706 2257 832 2304 omnem
844 2267 892 2322 pe-

149 2311 267 2371 cuniam
281 2317 457 2386 recognovit.

189 2387 350 2457 Caeterum,
364 2390 456 2462 ipsius
469 2392 549 2453 urbis
559 2397 743 2469 pulchritudo
753 2421 788 2458 ac
797 2415 891 2462 vetus.-

148 2483 202 2536 tas‚
216 2485 274 2524 non
288 2469 366 2543 regis
380 2470 478 2540 modi),
499 2475 549 2529 sed
570 2475 660 2540 etiam
673 2481 812 2538 omnium
826 2504 890 2539 ocn-

149 2554 193 2608 los
207 2549 236 2606 in
250 2559 345 2611 semet
358 2549 434 2605 haud
448 2549 597 2608 immerito
611 2556 764 2613 convertit.
800 2564 890 2618 Sena.

149 2623 241 2685 'ramis
255 2643 320 2680 earn
333 2627 514 2692 condiderat;
536 2634 592 2697 vel,
607 2645 640 2687 ut
652 2635 785 2707 plerique
798 2643 889 2697 credi.

148 2702 524 2778 dere‚nelus‚cujusregia
535 2710 703 2766 ostenditur.
725 2715 838 2774 Murns
851 2723 887 2775 in-
918 2736 920 2753 ¹

59 2785 61 2790 '
152 2793 280 2845 stractus
294 2781 434 2835 laterculo
455 2784 559 2854 coctili,
580 2787 721 2846 bitumine
736 2792 889 2862 interlitus,
