1875 3267
427 272 492 329 22³.

79 436 202 476 annexa
213 426 285 486 erat,
298 416 434 487 vinculis,
446 419 482 475 ab
499 421 633 483 actuariis
651 424 760 501 aiiquot
772 442 824 487 na·

78 498 170 554 vibus
182 498 219 554 ad
238 498 359 553 alteram
382 495 477 569 ripam
497 500 694 572 pertrahitur:
716 506 755 563 ita
768 508 824 582 pri·

78 576 142 633 mis
154 574 306 647 expositis,
319 574 368 631 alii
387 573 491 632 deinde
514 578 629 651 repetiti
650 600 683 638 ac
710 584 823 661 trajecti

79 664 161 711 sunt.
182 654 265 711 Nihil
278 650 346 709 sane
358 654 548 725 trepidabant,
561 658 653 715 donec
666 662 823 719 continenti

78 734 169 789 reiut.
189 742 277 806 ponte
299 742 466 806 agerentur.
506 734 627 795 Primus
645 749 705 794 erat
727 756 826 813 pavor,

78 813 179 885 quum
189 812 285 867 soluti
295 812 331 865 ab
343 809 459 867 caeteris
467 822 528 869 rate
542 812 571 870 in
585 817 678 872 altum
691 834 824 891 raperen-

78 901 142 945 tur.
182 888 226 946 Ibi
240 898 379 963 urgentes
397 888 474 945 inter
492 910 532 953 se,
545 894 714 951 cedentibus
727 907 825 953 extre·

78 966 190 1026 misab
209 970 295 1039 aqut,
314 966 536 1039 trepidationem
557 971 740 1045 aliquantum
760 976 825 1031 ede-

78 1047 176 1112 bant3
202 1047 295 1101 donec
314 1044 445 1118 quietem
466 1046 530 1121 ipse
547 1048 636 1107 timor
654 1050 827 1127 circumspi-

79 1124 230 1183 cientibus
241 1141 350 1197 aquam
363 1123 489 1181 fecisset.
511 1124 658 1185 Excidere
669 1128 756 1189 etiarn
772 1148 826 1186 sae-
879 1190 880 1197 .

78 1200 195 1260 vientes
215 1202 334 1276 quidam
351 1199 381 1257 in
404 1204 527 1261 flumen.
548 1206 607 1261 Sed
619 1208 746 1278 pondere
761 1208 826 1283 ipso

81 1280 212 1348 stabiles,
235 1276 357 1355 dejectis
377 1282 549 1351 rectoribus,
561 1285 725 1356 quaerendis
739 1289 828 1359 pede·

80 1358 191 1416 tentim
204 1358 293 1424 vadis,
308 1358 338 1415 in
352 1370 461 1417 terram
475 1364 605 1417 evasere.

7 1492 9 1495 ,
123 1436 208 1494 Dum
218 1438 364 1510 elephanti
378 1437 574 1515 trajiciuntur,
593 1436 713 1498 interim
732 1444 825 1501 Anni·

79 1515 130 1573 bal
146 1516 290 1572 Numidas
299 1516 411 1588 equites
424 1517 600 1591 quingentos
611 1522 646 1576 ad
659 1528 755 1579 castra
768 1524 826 1581 Ro·

5 1647 6 1650 ,
80 1612 172 1651 mana
181 1593 302 1650 miserat
310 1597 502 1668 speculatum,
512 1596 561 1653 ubi
570 1606 720 1670 etquantae
731 1601 824 1674 copiae

80 1681 194 1742 essent,
213 1672 323 1745 etquid
336 1682 482 1746 pararent.
529 1675 606 1731 Huic
621 1676 673 1731 aiae
688 1677 826 1750 equitum

80 1750 182 1819 missi,
193 1761 227 1807 ut
249 1749 315 1807 ante
335 1751 448 1807 dictum
473 1763 525 1817 est,
543 1754 578 1807 ab
603 1750 678 1808 ostio
695 1755 827 1811 Rhodani

80 1828 210 1887 trecenti
223 1831 425 1886 Romanorum
440 1830 554 1904 equites
561 1841 727 1886 occurrunt.
748 1834 828 1889 Prae·

81 1908 161 1966 lium
174 1907 301 1965 atrocius
313 1906 404 1982 quim
416 1925 472 1982 pro
493 1923 616 1964 nurnero
629 1908 827 1982 pugnantium

83 1986 191 2043 editur.
226 1988 306 2043 Nam
332 1996 442 2058 praeter
462 1989 554 2044 multa
574 1988 703 2062 vulnera,
729 1988 827 2045 caedes

5 2093 6 2096 ¹
84 2064 175 2123 etiam
189 2064 281 2139 prope
303 2082 356 2137 par
380 2066 528 2137 utrimque
544 2062 620 2120 suit:
642 2064 772 2141 fugaque
799 2078 828 2125 et

5 2199 6 2202 ,
82 2161 177 2217 pavor
197 2143 396 2201 Numidarum
423 2144 565 2201 Romanis
583 2142 645 2219 jam
666 2142 827 2203 admodum

5 2275 7 2282 ,
84 2221 183 2288 fessis,
195 2221 349 2279 victoriam
369 2223 457 2279 dedit.
497 2223 633 2279 Victores
650 2222 686 2277 ad
707 2236 827 2281 centum

5 2329 6 2362 3
86 2299 242 2376 sexaginta
254 2322 263 2367 3
277 2318 332 2357 nec
346 2320 451 2358 ornnes
465 2300 597 2367 Ruinam,
612 2301 663 2355 sed
677 2318 744 2373 pars
759 2302 829 2359 Gal·

84 2380 201 2441 lorum:
222 2378 289 2436 victi
303 2378 430 2453 amplius
439 2378 557 2438 ducenti
571 2378 747 2435 ceciderunt.
761 2382 828 2439 Hoc

5 2503 6 2518 ,
85 2456 277 2531 principium,
291 2457 437 2530 simulque
458 2474 547 2515 omen
567 2455 643 2525 beili,
656 2466 689 2511 ut
702 2474 828 2515 summae

84 2552 189 2592 rerum
201 2552 376 2608 prosperum
392 2548 540 2601 eventurn,
554 2535 594 2591 ita
607 2534 685 2593 hand
703 2534 771 2591 sane
786 2534 830 2591 in-

5 2653 6 2676 2
85 2623 241 2670 cruentam
268 2613 460 2686 ancipitisque
483 2611 652 2683 certaminis
678 2612 829 2669 victoriam

85 2691 231 2749 Romanis
245 2690 398 2765 portendit.
420 2690 464 2750 Re
485 2690 526 2747 ita
546 2692 639 2767 gestia,
659 2692 695 2747 ad
716 2698 830 2747 utrum-

5 2801 6 2808 κ
87 2787 147 2844 que
160 2770 268 2827 ducem
281 2768 498 2827 suiredierunt.
