1875 3267
431 313 493 367 304

87 455 150 522 bus,
167 453 311 529 grassum
331 453 426 530 nequd
447 455 525 512 lacto
543 457 614 523 ullo,
631 452 732 530 nequd
750 455 834 517 dicto

86 533 238 599 abstinere,
252 535 331 608 quod
341 533 428 592 modo
438 534 626 592 ambitiosum
640 533 735 602 foret;
750 532 832 590 mili·
919 603 921 607 .

86 620 133 668 tes
144 609 272 684 quibus
264 629 295 668 ιιι
306 612 434 670 hibernis
445 625 575 688 preerat,
585 612 712 670 laxiore
705 611 835 686 imperio

86 687 178 762 qudur
198 688 284 746 antea
299 692 424 750 habere·
446 693 524 767 apud
542 691 748 767 negotianires,
761 709 836 763 quo·
919 740 920 745 ,

85 783 154 822 rum
169 785 277 844 magna
298 767 454 826 multitudo
470 771 568 826 Uticae
588 782 658 836 erat,
671 765 834 827 criminose

85 843 174 902 simul
195 857 225 904 et
250 845 407 926 magnific&
428 849 464 905 de
486 851 564 906 bello
586 848 684 923 loqui:
707 845 835 905 dimidia
919 882 920 887 κ

84 939 154 996 pars
180 924 328 982 exercitiis
347 925 372 982 ai
395 925 449 982 sibi
472 925 703 1018 permitteretur,
724 924 830 1001 paucis

85 1000 188 1061 diebus
207 1003 411 1080 Jugurtham
403 1021 434 1060 ιιι
460 1006 572 1062 catenis
584 1004 775 1064 habiturum
797 1005 836 1060 ab

84 1078 263 1153 imperatore
286 1081 418 1140 consulti>
437 1085 516 1141 trabi
519 1083 614 1175 qudd,
634 1081 744 1140 homo
736 1097 835 1139 mama

84 1165 115 1213 et
128 1159 272 1234 superbia
296 1159 397 1237 regiae,
421 1163 547 1234 imperio
568 1162 659 1219 nimis
680 1161 833 1236 gauderet.

84 1237 161 1308 Qu'ae
175 1237 274 1301 omnia
285 1238 344 1296 illis
358 1259 395 1298 eo
381 1236 540 1298 firmiora
552 1240 734 1309 videbantur,
747 1238 829 1314 qudd

84 1315 274 1373 diuturnitate
292 1317 361 1376 belli
382 1335 430 1378 ras
452 1317 609 1377 familiares
623 1327 827 1392 corruperant,

84 1404 115 1450 et
128 1393 226 1451 animo
238 1395 368 1470 cupienti
380 1395 454 1453 nihil
467 1395 538 1454 satis
547 1395 700 1455 festinatur
701 1436 827 1453 .....

125 1548 267 1622 Μιιὶιιιιι,
287 1549 460 1630 fatigantem
479 1554 516 1610 de
528 1553 716 1628 profectione,
737 1553 828 1610 simul
920 1562 921 1569 ’

84 1639 114 1688 «ι
127 1630 254 1688 invisum
267 1641 296 1690 et
315 1635 464 1691 offensum
484 1631 540 1690 sibi
558 1630 666 1707 partlm
686 1632 829 1688 idoneum

84 1719 175 1779 ratus,
184 1710 308 1768 domum
321 1711 449 1768 dimittit.
484 1712 525 1769 Et
538 1713 643 1769 Romae
656 1712 766 1783 plebes,
781 1712 829 1768 lit·

83 1788 154 1846 teris
170 1805 237 1861 quae
251 1790 287 1846 de
309 1791 431 1848 Metello
453 1807 488 1845 ac
503 1788 601 1847 Mario
620 1787 721 1847 missae
745 1799 830 1846 eraut

84 1865 220 1941 cognitis,
233 1867 357 1926 volentia
366 1869 402 1926 de
413 1869 552 1932 ambobus
564 1875 744 1939 acceperant.
764 1868 829 1923 lm·

83 1944 207 2018 peratori
222 1946 364 2014 nobilitas,
377 1963 443 2020 quae
457 1945 543 2003 antei
556 1945 655 2002 decori
668 1944 770 2004 luerat,
783 1945 829 2001 in-

83 2023 170 2079 vidie
184 2041 247 2079 esse
261 2044 267 2088 ς
291 2035 321 2080 at
333 2024 375 2082 illi
389 2025 473 2081 alteri
487 2023 606 2099 generis
618 2023 770 2082 humilitas
784 2023 829 2082 fd·

84 2117 186 2157 vorem
199 2099 365 2158 addiderat:
389 2100 524 2177 oetertlm
537 2102 566 2157 in
587 2112 712 2173 utroque
726 2100 825 2176 magia

85 2177 179 2235 studia
192 2179 333 2251 partium,
343 2199 392 2252 (ιιι
385 2178 432 2236 im
447 2171 521 2238 bona
533 2189 583 2236 aut
596 2180 675 2250 mala
689 2197 751 2245 sua,
763 2196 829 2235 mo

83 2257 190 2313 (lerata.
205 2257 352 2314 Praetercd
364 2258 842 2336 seditiosinangistratusnilgum,

83 2335 244 2410 exagitare,
258 2335 412 2394 Metellum
427 2339 564 2394 omnibus
577 2334 765 2393 concionibus
779 2353 828 2393 ca·

82 2412 151 2484 pitis
164 2431 322 2482 arcessere,
337 2415 426 2474 Marii
441 2415 579 2472 tirtutem
592 2412 624 2469 in
636 2414 737 2490 majus
749 2415 827 2470 cele·

82 2494 174 2549 brare.
198 2492 330 2565 Deniqud
345 2493 475 2567 plebes
453 2512 495 2551 sic
505 2492 687 2564 accensa,uti
701 2492 826 2566 opifices

81 2581 271 2658 agrestesque
292 2585 405 2638 omnes,
425 2589 553 2644 quorum
575 2588 623 2625 res
643 2568 825 2642 fidesqueiu

80 2647 216 2704 manibus
229 2647 292 2704 sitae
307 2660 397 2714 erant,
411 2647 521 2704 relictis
529 2646 678 2722 operibus,
685 2646 826 2720 frequen

79 2731 175 2779 tarent
198 2725 338 2790 Marium,
357 2737 386 2782 et
407 2743 459 2782 sua
473 2725 636 2782 necessaria
658 2739 725 2798 post
743 2724 825 2782 illius

79 2797 223 2859 bonorem
243 2802 391 2868 ducerent.
433 2804 487 2869 lta,
505 2804 644 2878 perculso
662 2800 824 2873 nobilitate,

913 916 920 987 l
