1875 3267
442 207 504 272 328

274 461 557 526 NARRATION
576 464 671 526 LIV.

103 657 167 718 The
184 651 393 740 Consequence
408 657 448 740 os
454 657 622 720 Cutoline'r
637 658 851 741 Canopitae-y..

192 839 284 902 (Rom.
298 841 368 892 Hist·
380 841 481 893 Sallust
492 842 531 894 de
540 842 614 893 Bello
627 841 751 906 cuiun.)

130 993 197 1040 Tus
208 991 518 1056 principtlconspiretors
525 992 623 1055 having
631 991 699 1040 been
708 992 848 1055 punished

95 1056 161 1106 with
185 1057 274 1114 death,
293 1058 368 1108 there
380 1059 516 1107 remoined
534 1074 567 1109 no
585 1059 662 1107 other
674 1075 805 1108 resource
818 1068 849 1108 to

98 1123 218 1174 Cataline
241 1122 287 1173 but
306 1123 352 1172 the
371 1123 432 1172 trial
445 1123 475 1172 uf
490 1124 531 1174 his
544 1139 624 1186 army.
664 1125 805 1172 Resolved
818 1136 847 1173 to

96 1204 250 1254 conqueror
259 1189 312 1249 die
324 1190 357 1238 he
372 1188 503 1239 sdrtnces
515 1189 618 1254 against
635 1190 773 1248 Petreius,
787 1193 846 1240 who

97 1255 250 1304 communds
269 1257 314 1304 the
335 1269 407 1304 ermv
419 1254 450 1304 of
464 1258 510 1305 the
521 1254 651 1319 republic.
671 1255 725 1303 and
736 1257 817 1320 gives
830 1272 846 1305 t

95 1319 189 1379 battle,
203 1321 290 1370 whose
302 1308 442 1370 character
459 1321 510 1372 and
527 1321 586 1385 fury
597 1319 629 1370 of
645 1321 756 1371 combat
776 1323 846 1374 hare

96 1385 245 1436 rendered'
240 1396 260 1434 it
273 1387 441 1436 memoreble

134 1530 215 1590 Ctlm
228 1549 297 1589 suos
309 1530 438 1590 Catilina
450 1533 621 1591 adhortatus
634 1531 750 1602 fuisset,
773 1551 845 1607 pau·

97 1609 192 1668 lulum
207 1623 415 1674 commoratus,
427 1611 627 1687 signacanere
633 1611 738 1689 jubet3
754 1623 843 1686 atque

97 1688 254 1748 instructos
267 1689 383 1746 ordines
406 1689 549 1746 inlocum
570 1697 687 1764 aequum
702 1690 843 1747 deducit:

98 1768 175 1835 dein,
196 1767 325 1834 remotis,
347 1768 481 1826 omnium
502 1768 595 1840 equis,
615 1767 843 1843 quomilitibus,

97 1858 254 1920 exaequato
266 1846 404 1918 periculo
415 1845 531 1904 animus
544 1848 669 1918 amplior
681 1858 770 1914 esset,
779 1845 842 1920 ipse

96 1927 186 1998 pedes
196 1924 361 1981 exercitum
371 1941 425 1996 pro
433 1927 508 1991 loco,
517 1935 603 1998 atque
612 1942 705 1999 copus
713 1925 841 1982 tustriut.

97 2003 127 2059 N
129 2021 186 2067 am,
201 2000 242 2058 uti
256 1998 391 2073 planities
404 2014 465 2067 erat
482 2003 559 2060 inter
572 2001 703 2075 sinistros
714 2014 842 2071 montes,

98 2089 127 2134 et
141 2081 175 2136 ab
190 2078 313 2134 dexteru
326 2095 416 2166 rupes
429 2098 541 2156 aspera,
560 2092 628 2137 octo
649 2082 789 2138 cohortes
809 2081 840 2138 in

96 2156 191 2214 fronte
216 2155 382 2224 constituit;
411 2158 525 2232 reliqua
546 2159 630 2233 signa
650 2158 682 2214 in
705 2159 841 2216 subsidiis

98 2232 208 2291 arctius
221 2236 351 2291 collocat
391 2238 439 2293 Ab
467 2238 514 2295 his
535 2236 723 2294 centuriones
737 2255 842 2295 omnes

97 2314 188 2370 lectos
201 2321 231 2368 et
243 2322 384 2408 evocatos,
396 2313 542 2387 praetered
554 2333 591 2371 ex
605 2314 750 2389 gregariis
762 2317 839 2372 mili·

98 2391 175 2448 tibus
195 2389 305 2463 optime
328 2409 475 2466 quemque
497 2403 642 2450 armatum
663 2394 839 2467 inprimant

98 2469 190 2526 aciem
205 2466 345 2527 subducit
378 2471 414 2528 C
424 2470 582 2528 Mallium
574 2488 604 2526 ιιι
618 2473 731 2536 dextri,
742 2474 840 2530 Faesu·

99 2547 201 2604 lanum
216 2547 403 2618 quemdam
396 2566 425 2603 m
440 2547 557 2605 sinistra
570 2559 652 2622 parte
671 2568 775 2607 curare
794 2550 841 2627 ju·

99 2625 191 2686 bet:'
186 2642 249 2697 ipse
273 2643 343 2680 cnm
364 2625 483 2693 libertis,
505 2636 535 2682 et
554 2629 703 2685 calonibus
720 2640 839 2702 propter

100 2702 227 2774 squlam
240 2703 361 2773 adsistit,
373 2721 462 2778 quam
474 2706 549 2761 bello
562 2705 711 2764 Cimbrico
727 2708 761 2764 C.
775 2708 840 2764 Μι-
