1875 3267
436 298 496 353 231
564 272 574 279 “

84 438 217 499 faciunt:
232 455 358 516 eamque
371 439 480 516 (quum
494 451 524 499 et
537 441 581 501 vis
590 443 667 501 venti
686 452 751 515 apuu
764 442 833 501 lucr·

84 521 168 577 endo
180 519 245 596 igni
265 533 365 577 coorta
377 524 479 590 esset),
500 523 689 589 succendunt,
709 520 834 579 ardenti·

85 616 167 672 aque
181 618 253 657 saxa
264 596 361 656 infuso
374 611 457 656 aceto
471 598 677 671 putrefaciunt.
717 600 761 658 ltu
773 610 833 657 tor·

84 674 186 737 ridam
208 674 343 735 incendio
362 695 466 751 rupem
488 678 566 735 ferro
578 679 718 752 pandunt,
737 675 833 735 molli-

83 765 204 831 untque
217 755 406 815 amfractibus
417 757 542 814 modicis
561 756 660 824 clivos,
673 766 706 813 ut
718 774 774 813 nun
786 754 833 832 ju·

82 846 194 892 menta
205 832 312 903 solum,
324 836 376 895 sed
389 836 536 909 elephanti
549 837 638 893 etiam
651 834 756 891 deduci
766 851 832 907 pos·

81 923 166 970 sent.
190 913 388 985 Quatriduum
401 912 481 970 circei
493 932 600 989 rupem
614 923 834 986 consumptum,

81 988 233 1067 jumentis
251 990 344 1067 prope
364 990 441 1048 fame
460 993 641 1067 absumptis:
663 992 741 1048 nuda
753 990 833 1047 enim

82 1068 155 1128 fere
168 1070 324 1129 cacumina
338 1079 414 1137 sunt,
426 1081 456 1126 et
476 1071 501 1129 si
515 1072 587 1147 quid
602 1081 647 1127 est
666 1068 772 1145 pabuli,
786 1068 833 1125 ob·

82 1162 183 1207 ruunt
194 1150 284 1207 nives.
314 1147 457 1207 iuferiora
471 1148 554 1205 vallis
567 1149 681 1224 apricos
691 1148 834 1222 quosdam

82 1230 181 1287 colles
190 1229 303 1295 habent,
314 1228 449 1302 rivosque
462 1226 553 1303 prope
562 1228 667 1296 silvas;
682 1227 769 1284 etiarn
779 1227 834 1281 hu·

83 1322 181 1365 mano
193 1309 273 1364 cultu
285 1304 421 1382 digniora
431 1309 504 1364 loca.
539 1305 582 1362 Ibi
593 1306 728 1383 jumenta
742 1306 770 1361 in
784 1322 834 1378 pa-

82 1385 195 1443 bulum
205 1385 304 1451 missa,
313 1396 342 1441 et
351 1385 433 1460 quies
443 1384 600 1442 muniendo
610 1383 695 1443 fessis
709 1380 835 1441 homini-

80 1464 155 1534 bus,
167 1467 233 1525 data
245 1463 348 1520 triduo.
380 1461 452 1520 Inde
463 1465 498 1520 ad
514 1467 635 1537 planum
649 1466 833 1531 descensum,

81 1541 180 1601 etiam
190 1543 260 1600 locis
273 1541 455 1599 mollioribus
477 1552 506 1599 et
514 1546 681 1601 accolarum
697 1538 832 1615 ingeniis.

129 1623 197 1680 Hoc
213 1618 344 1679 maxime
364 1622 454 1677 modo
473 1621 502 1687 in
525 1621 637 1679 ltaliam
657 1629 832 1692 perventum

85 1699 137 1759 det
148 1700 250 1777 quinto
263 1716 366 1760 mense
378 1698 397 1757 ὰ
408 1700 585 1774 Carthagine
600 1699 694 1755 Novi.
