1875 3267
451 234 514 293 tat

109 394 176 435 rum
187 376 248 454 pm
257 376 326 433 hinc
336 385 443 434 eventu
451 390 598 447 cernatur,
608 370 762 455 quan'ttlm
772 397 868 453 eques

108 456 229 515 Latinus
239 457 372 512 Romano
386 455 524 528 proestet?
543 456 649 514 Movet
657 457 798 515 ferocem
807 457 868 513 ani·

107 553 191 591 mum
202 531 330 609 juvenis,
340 552 393 590 seu
403 535 455 596 ira,
467 554 519 591 seu
528 536 713 592 detrectandi
724 534 869 591 certanti·

109 610 155 667 nis
168 614 272 683 pudor,
284 631 336 668 seu
351 612 593 687 inexsuperabilis
607 615 654 671 vis
667 612 740 681 lnti3
757 612 868 670 oblitus

107 687 205 764 itaque
217 690 335 763 imperii
344 692 442 763 patrii,
450 694 668 766 consulumque
677 690 786 759 edicti,
793 709 869 765 prae-

107 786 179 841 ceps
197 771 233 827 ad
246 770 275 826 id
295 780 445 826 certamen
464 771 571 844 agitur,
592 786 654 845 quo
674 771 818 828 vinceret
830 789 865 828 an
931 834 933 839 ,

106 845 694 916 vinceretur,haudmuttumimeresset;
712 848 866 923 equitibus
928 856 932 898 ἐ

107 926 226 985 caeteris
238 928 317 983 velut
326 926 362 981 ad
370 929 573 999 spectaculum
584 926 761 994 summotis,
773 928 867 999 spatio

111 1007 192 1078 quod
205 1001 290 1061 vacui
311 1001 501 1080 interjacebat
513 1002 620 1079 campi,
636 1007 786 1063 adversos
799 1026 867 1063 con·
931 1008 932 1015 ’

107 1082 198 1141 citant
211 1100 303 1156 equos
314 1102 322 1151 ;
337 1093 366 1138 et
377 1082 469 1156 quum
482 1082 594 1140 infestis
605 1083 785 1158 cuspidibus
799 1102 867 1141 con-

108 1160 281 1229 currissent,
294 1161 399 1218 Manlii
411 1162 509 1234 cuspis
523 1180 611 1235 super
622 1165 743 1237 galeam
757 1163 866 1230 hostis,

107 1239 198 1298 Metti
206 1251 286 1296 trans
299 1239 446 1297 cervicem
457 1240 523 1314 equi
534 1242 631 1311 elapsa
641 1248 694 1297 est.
718 1240 865 1298 Circum-

108 1318 183 1375 actis
195 1316 299 1375 deinde
320 1317 415 1391 equis,
427 1316 523 1391 qutlm
542 1318 624 1391 prior
636 1320 672 1377 ad
686 1318 863 1377 iterandum
933 1324 934 1383 Τ

106 1396 202 1453 ictum
217 1395 348 1451 Manlius
360 1397 604 1465 consurrexisset,
615 1396 768 1470 spiculum
785 1398 864 1455 inter
931 1394 934 1441 l

108 1490 194 1531 aures
212 1474 280 1547 equi
303 1472 387 1538 fixit3
415 1476 452 1530 ad
470 1473 557 1551 cujus
584 1475 712 1532 vulneris
736 1494 863 1533 sensum
933 1484 934 1491 ’

86 1620 90 1625 ,
109 1548 203 1625 qutlm
217 1566 312 1625 equus
324 1549 471 1623 prioribus
490 1554 613 1626 pedibus
625 1552 736 1611 erectis
747 1559 863 1634 mag-nat

103 1631 137 1687 'vi
146 1640 233 1702 caput
244 1640 385 1705 quateret,
392 1630 523 1688 excussit
532 1630 675 1703 equitem:
689 1630 784 1706 quem
795 1652 863 1690 cus-

108 1707 177 1784 pide
198 1712 363 1785 parmaque
392 1709 539 1777 innixum,
560 1710 742 1768 attollentem
770 1729 805 1768 se
825 1715 861 1769 ab

108 1789 194 1865 gravi
208 1806 287 1857 casu,
302 1788 433 1847 Manlius
445 1790 480 1845 ab
499 1787 612 1865 jugulo,
625 1785 666 1845 ita
678 1798 711 1845 ut
724 1805 783 1861 per
796 1806 860 1847 cos-

107 1877 154 1925 tas
167 1867 282 1926 ferrum
301 1868 455 1935 emineret,
468 1878 554 1925 terrae
575 1865 676 1932 affixit,
696 1866 859 1942 spoliisque
932 1880 933 1915 1

108 1946 197 2003 lectis
216 1948 252 2003 atl
273 1965 341 2004 suos
360 1956 504 2007 revectus,
525 1964 595 2002 cum
620 1956 725 2001 ovante
747 1945 858 2021 gaudio

108 2028 211 2081 turma
225 2023 255 2079 in
274 2035 367 2081 castra
386 2036 475 2097 atque
496 2022 562 2080 inde
582 2025 618 2081 ad
631 2023 807 2097 praetorium
822 2026 858 2082 ad

109 2111 228 2174 patrem
240 2101 349 2159 tendit:
372 2102 494 2176 ignarus
507 2102 557 2159 lati
569 2102 728 2173 futurique,
742 2104 807 2159 laus
821 2120 856 2159 an

108 2196 194 2255 poena
204 2178 309 2235 merita
321 2189 406 2237 esset.
448 2182 492 2237 Ut
505 2200 555 2239 me
565 2196 678 2246 omnes,
691 2180 794 2253 iuquit,
806 2200 854 2254 pa-

110 2269 166 2325 ter,
172 2267 223 2313 tuo
236 2258 377 2345 sanguine
390 2268 489 2315 ortum
504 2258 571 2316 vere
585 2257 704 2325 ferrent,
717 2275 855 2329 provoca·

932 2150 935 2235 l

108 2345 158 2393 tus
170 2344 319 2407 equestna
330 2337 396 2395 haec
417 2336 509 2409 spolia
521 2346 605 2411 capta
623 2354 662 2394 ex
677 2338 761 2393 hoste
776 2356 854 2394 caeso
933 2372 935 2395 ,

110 2431 165 2489 1³0?
166 2421 205 2468 l0·
226 2412 312 2482 Quod
325 2416 375 2473 ubi
386 2415 495 2472 audivit
508 2416 619 2483 consul,
633 2413 785 2486 extemplo
797 2412 853 2471 fili·
934 2432 935 2437 ¹

110 2508 166 2548 um
175 2500 331 2560 aversatus,
339 2489 511 2551 concionem
520 2494 641 2552 classico
648 2493 783 2549 advocari
792 2492 851 2568 jus·

110 2568 166 2637 slt3
187 2586 253 2643 quae
273 2570 322 2627 ubi
342 2570 482 2643 frequens
502 2573 645 2640 convenit,
662 2570 851 2643 Quandoqui-

108 2650 188 2715 dem,
207 2647 310 2721 inquit,
329 2659 362 2705 tu
383 2649 420 2703 T.
445 2648 548 2717 Manli,
568 2667 665 2721 neque
687 2646 848 2721 imperium

108 2727 271 2793 consulare,
283 2741 380 2799 neque
394 2725 578 2801 majestatem
594 2726 718 2801 patriam
731 2726 849 2794 veritus,
