1875 3267
459 265 522 322 33²7

82 403 302 470 immortalium
316 426 380 469 esse
395 408 578 480 arbitrantur,
600 414 648 468 sed
661 412 755 487 quum
769 414 835 491 ejus

83 485 206 558 generis
225 486 308 558 copia
330 487 440 556 delicit,
463 488 553 544 etiam
576 491 610 546 ad
632 490 834 550 innocentium

82 563 232 638 supplicia
244 566 433 622 descendunt.
457 567 558 622 Deum
571 570 700 627 maxime
713 574 834 630 Mercu·

81 641 163 700 rium
179 647 289 710 colunt,
313 642 405 719 hujus
428 655 497 702 suut
510 647 637 719 plurima
659 649 831 708 simulacra:

79 722 163 780 hune
193 722 329 780 omnium
356 724 541 781 inventorem
574 727 682 783 artium
715 729 831 788 ferunt:

77 800 162 858 hunc
177 801 291 860 viarum
306 813 391 877 atque
404 803 544 861 itinerum
554 805 661 860 ducem
673 826 681 872 ;
704 809 783 864 hunc
796 813 832 868 ad

76 889 216 953 quaestus
236 898 255 954 p
334 881 367 938 iae
390 894 630 959 mercaturasque
651 885 758 942 habere
771 888 832 947 vim

73 957 294 1016 maximorum
316 960 454 1019 'iti-antur.
496 965 571 1034 Post¹
587 964 677 1028 hunc,
698 966 832 1038 Appolli-

73 1053 161 1106 nem,
175 1048 205 1094 et
220 1039 359 1108 Martem,
374 1051 403 1096 et
416 1041 532 1109 Jovem‚
545 1051 575 1098 et
585 1039 761 1099 Minervam.
782 1044 830 1101 De

74 1115 127 1172 his
151 1118 258 1173 eadem
270 1115 340 1185 fere,
355 1117 448 1193 quim
459 1120 581 1194 reliquae
598 1133 710 1196 gentes,
724 1123 831 1179 habent

74 1194 269 1269 opinionem
293 1196 496 1272 Appoliinem,
521 1201 640 1256 morbos
665 1202 829 1274 depellere;

76 1274 261 1345 Minervam,
281 1293 406 1349 operum
429 1286 516 1350 atque
538 1277 728 1336 artificiorum
750 1279 831 1336 initia

74 1355 254 1421 transdere3
276 1355 390 1422 Jovern‚
408 1353 571 1427 imperium
598 1358 762 1416 eoelestium
787 1370 830 1416 te-

76 1449 172 1500 nere3
197 1433 336 1502 Martem,
362 1435 437 1491 bolla
462 1453 580 1510 regere.
619 1438 711 1508 Huic,
733 1436 827 1512 quum

75 1511 186 1586 praelio
200 1511 341 1569 dimicare
355 1513 575 1584 constituerunt,
596 1534 640 1584 ea,
662 1536 728 1591 quae
752 1519 828 1574 bello

75 1603 244 1662 coeperunt,
258 1594 432 1666 plerumque
442 1593 584 1650 devovent
596 1614 604 1662 ς
626 1612 694 1667 quae
709 1613 828 1670 supera·

73 1670 186 1738 verint,
198 1669 334 1729 animalia
347 1681 430 1744 capta
445 1670 619 1728 immolant:
641 1671 768 1745 reliquas
780 1691 828 1730 res

73 1748 108 1805 in
123 1765 219 1806 unum
232 1751 331 1806 locum
346 1749 508 1806 conferunt.
542 1750 648 1807 Multis
660 1749 691 1806 in
704 1751 827 1807 civitati-

73 1830 136 1884 bus
157 1829 263 1884 harum
286 1845 387 1885 rerum
409 1838 579 1885 exstructos
598 1831 731 1887 tumulos
753 1829 826 1886 locis

75 1906 258 1964 consecratis
273 1908 437 1982 conspicari
451 1907 527 1964 licet.
568 1904 673 1982 Neque
687 1905 766 1982 saepe
779 1927 828 1965 ac·

73 1986 160 2052 cidit,
169 1995 211 2054 ut,
219 1988 354 2060 neglecta
366 1986 512 2062 quispiam
525 1987 676 2064 religione,
684 1997 733 2045 aut
742 1998 826 2062 capta

74 2065 158 2138 apud
174 2083 205 2121 se
219 2067 375 2134 occultare,
401 2078 451 2122 aut
465 2067 559 2140 posita
571 2069 672 2124 tollere
686 2068 823 2125 auderet:

75 2143 348 2218 gravissimumque
364 2146 390 2202 ei
403 2145 446 2200 rei
467 2145 647 2221 supplicium
667 2165 738 2204 cum
757 2165 826 2223 cru·

74 2222 156 2280 ciatu
172 2223 361 2280 constitutum
376 2234 430 2282 est.
459 2225 539 2282 Galli
553 2245 585 2283 se
594 2244 699 2283 omnes
709 2229 745 2282 ob
755 2225 825 2282 Dite

75 2312 162 2375 patre
184 2313 337 2376 prognam,
351 2303 532 2376 praedicant:
553 2303 642 2380 idque
656 2307 691 2361 ab
705 2304 825 2362 Diuidi-

72 2383 132 2437 ,bus
142 2380 292 2454 proditum
307 2381 416 2439 dicunt.
458 2385 506 2441 Ob
519 2400 583 2439 eam
598 2402 717 2440 causam
731 2382 824 2456 spatia

74 2460 175 2516 omnis
187 2459 342 2534 temporis,
350 2465 407 2516 iton
422 2479 546 2518 nurnero
556 2461 682 2531 dierum,
693 2463 745 2518 sed
753 2479 824 2517 noe·

74 2537 162 2608 tium,
184 2537 297 2605 finiunt,
311 2549 341 2594 et
355 2538 416 2596 dies
430 2543 551 2609 natales,
566 2552 596 2597 et
620 2538 780 2608 mensium,
793 2550 823 2595 et

75 2636 221 2676 annornm
245 2616 326 2674 initia
347 2617 388 2675 sic
410 2623 572 2689 observant,
583 2633 617 2677 ut
628 2629 747 2677 noctem
760 2619 823 2674 dies

73 2701 281 2771 subsequatur.
323 2699 356 2754 In
379 2697 501 2772 reliquis
513 2699 581 2756 vitae
606 2697 748 2757 institutis
766 2699 822 2753 hoc

75 2776 138 2843 *fere
160 2779 196 2833 ab
218 2775 339 2852 reliquis
360 2777 499 2911 differunt
522 2776 600 2851 quod
623 2795 693 2835 suos
706 2776 823 2841 liberos,

433 2872 449 2909 r
