1875 3267
474 256 537 311 228

132 405 297 479 accipienda
305 405 402 461 clades
413 398 513 459 merit.
548 400 637 457 Tunc
645 408 772 470 quoque
785 382 823 449 ad
832 404 878 443 ex·

131 494 259 540 tremum
274 483 405 555 periculi,
418 500 452 537 ac
473 474 562 551 prope
576 475 745 551 perniciem
761 478 878 525 ventum

130 574 191 616 est:
212 578 281 617 nam
296 559 367 617 dnm
382 568 537 618 cunctatur
558 554 687 614 Annibal
709 563 825 625 agmen
837 546 879 601 tle·
901 599 903 609 ,

129 639 248 702 mittere
262 638 293 695 in
308 640 474 714 angustias;
491 634 559 711 qnia
572 650 640 698 non,
651 640 685 687 nt
699 628 767 703 ipse
782 621 880 698 equiti·

128 719 184 773 bus
198 716 338 791 praesidio
357 728 426 783 erat,
439 716 481 772 ita
501 711 646 787 peditibus
667 707 836 783 quicquam
849 702 880 756 ab

130 807 215 871 tergo
229 793 332 852 auxilii
353 794 532 868 reliquerat,
553 797 747 849 occursantes
769 798 825 855 per
837 780 881 838 ob·

130 874 213 947 liqua
226 874 365 938 montani,
378 871 520 947 perrupto
540 868 639 925 medlo
653 863 791 939 agmine,
806 856 878 913 viam

131 954 283 1009 insedere:
297 969 415 1025 noxque
425 968 484 1007 una
497 944 641 1017 Annibali,
651 946 716 1001 sine
731 934 878 1014 equitibus

132 1043 220 1105 atque
235 1028 464 1104 impedimentis,
478 1040 542 1085 acta
556 1036 610 1082 est.

172 1113 294 1166 Postero
314 1108 362 1165 die
387 1108 450 1184 jam
472 1102 593 1183 segnius
613 1092 879 1181 intercursantibus

131 1189 272 1254 barbaris,
289 1188 400 1263 junctae
423 1186 527 1260 eopiae,
548 1186 698 1255 saltusque
720 1176 799 1233 hand
822 1188 879 1227 sine

132 1267 222 1332 clade,
237 1264 365 1342 (majore
376 1276 475 1321 tamen
494 1264 710 1341 jumentorum,
724 1252 819 1329 qualm
832 1250 879 1305 ho·

133 1343 248 1399 minum
269 1340 413 1417 pernicie)
432 1351 597 1417 superatus.
639 1334 711 1393 Inde
737 1328 879 1392 montani,

131 1421 369 1495 pauciores,jam
382 1430 412 1476 et
431 1420 575 1479 latrocinii
589 1414 686 1491 magis
707 1410 800 1487 qutim
815 1406 879 1465 belli

133 1517 216 1555 more
227 1501 452 1567 concursabant3
466 1497 592 1555 meddin
603 1485 879 1569 primum,moddin

85 1595 87 1600 '
132 1578 325 1641 novissimum
335 1596 453 1650 agmen,
463 1589 496 1634 ut
505 1573 612 1649 cuique
620 1583 670 1629 aut
682 1572 766 1625 locus
776 1582 881 1639 oppor-

133 1655 436 1723 tunitatemdaret,aut
445 1656 594 1731 progressi
604 1644 879 1719 morativealiqnam

130 1734 321 1794 occasionem
333 1734 479 1806 fecissent.
511 1726 675 1806 Elephanti,
688 1724 770 1781 sieut
784 1721 881 1797 praei·

134 1812 212 1886 pitee
225 1832 277 1887 per
291 1822 386 1870 arctas
399 1813 460 1868 vias
474 1814 582 1885 magnei
604 1808 690 1864 mora
711 1804 880 1879 agebantur,

134 1890 176 1947 ita
190 1904 289 1949 tutum
302 1894 337 1947 ab
357 1892 490 1947 hostibus
503 1888 693 1963 qudcumque
708 1881 879 1937 incederent

102 1986 118 2014 ⁰
135 1968 222 2042 (quia
231 1971 353 2026 insuetis
363 1966 486 2025 adeundi
499 1962 619 2040 propius
632 1974 731 2019 metus
741 1964 819 2032 erat)
834 1976 881 2031 ag·

101 2095 104 2101 ,
125 2062 205 2116 men
220 2049 396 2118 praebebant.
426 2048 513 2103 Nono
528 2045 574 2099 die
587 2043 618 2097 in
629 2042 740 2116 jugum
755 2036 881 2109 Alpium

71 2176 78 2185 ,
136 2136 312 2195 perventum
325 2134 378 2188 est,
391 2114 448 2197 ped
463 2122 545 2179 invia
558 2122 696 2195 pleraque
711 2126 743 2171 et
756 2132 881 2177 errores,

136 2218 211 2275 quos
224 2212 273 2258 aut
285 2201 456 2259 ducentium
469 2200 559 2264 fraus,
569 2209 617 2255 aut
629 2196 677 2253 ubi
690 2194 766 2250 fides
777 2192 815 2250 iis
827 2208 882 2247 non

137 2288 222 2344 esset,
231 2277 344 2335 temere
352 2279 431 2335 initae
443 2280 533 2335 valles
546 2274 564 2332 al
575 2271 809 2351 conjectantibus
820 2271 880 2326 iter.

138 2356 288 2413 faciebamt⁴
309 2355 437 2414 Biduum
448 2357 479 2411 in
492 2354 572 2432 jugis
584 2353 689 2411 stativa
697 2352 798 2409 habita
809 2371 816 2402 :
831 2348 881 2405 fes·
918 2408 920 2413 .

138 2434 178 2524 sis
199 2436 295 2491 labore
308 2453 341 2491 ac
356 2435 514 2509 pugnando
534 2434 619 2506 quies
631 2432 697 2488 data
716 2428 879 2499 militibus;

137 2523 327 2589 jumentaque
347 2516 467 2587 aliquot,
481 2529 547 2585 quae
561 2508 738 2585 prolapsam
760 2504 880 2579 rupibus

139 2601 232 2649 erant.
245 2594 393 2664 sequendo
403 2590 526 2664 vestigia
539 2588 665 2661 agminis
673 2586 703 2641 in
713 2595 810 2641 castra
819 2600 881 2655 per·

140 2674 255 2727 venere.
277 2671 299 2725 F
300 2671 373 2725 essis
385 2668 476 2727 taedio
482 2676 524 2723 tut
537 2670 692 2731 malorum,
704 2664 781 2719 nivis
795 2661 880 2717 etium

138 2762 227 2803 casus
238 2746 387 2805 occidente
405 2747 470 2825 jam
489 2746 583 2803 sidere
605 2741 820 2819 Vergiliarum,
840 2738 880 2793 in-
