1875 3267
392 311 453 369 309

49 454 136 513 malm
149 456 331 520 deberetur,¹
345 453 516 524 amicitiam,
525 453 630 521 loedus,
643 454 793 514 Numidia

50 545 168 607 partem
182 553 276 609 qnam
289 551 367 596 nunt:
387 545 508 610 peteret,
521 543 590 590 tuuc
604 532 680 591 ultrd
693 535 798 593 adven·

50 623 157 670 turam
470 657 473 661 ν
635 670 638 679 ,
657 669 661 676 .

87 688 156 747 Rex
171 688 311 765 primum
320 692 465 764 negitare:
479 689 693 766 cognationem,
704 691 797 748 affini·

48 778 148 838 tatem,
176 767 327 841 praeterea
343 767 438 827 foedus
458 770 667 826 intervenisse:
686 771 722 826 ad
741 771 797 825 hoc

49 857 195 916 metuere,
210 865 250 904 ne
270 848 353 906 fluxa
365 847 422 908 fide
439 865 522 913 usus,
538 847 723 922 popularium
738 847 798 904 aui·

50 942 115 982 mos
125 935 287 993 averteret,
299 927 368 1000 quis
382 937 411 984 et
423 927 571 1002 iugurtha
583 943 679 992 carus,
691 935 721 981 et
739 927 797 982 Ro·

52 1004 129 1061 mani
143 1002 236 1062 invisi
249 1016 356 1061 essent.
379 1003 517 1078 Denique
528 1001 639 1078 saepius
652 1001 798 1078 fatigatus,

52 1082 203 1140 leniteret
217 1101 256 1140 ex
276 1085 423 1140 voluntate
441 1084 531 1156 Syllae
546 1082 645 1139 omnia
657 1101 690 1138 se
703 1083 797 1139 lactu·

53 1175 119 1217 rum
132 1159 292 1235 promittit.
332 1158 477 1219 Ceterum
489 1162 526 1218 ad
539 1160 735 1218 simulandam
748 1179 798 1236 pa·

54 1238 128 1310 ¹cem,
150 1239 244 1316 cujus
256 1239 395 1310 Numida,
417 1237 548 1297 defessus
569 1237 654 1306 bello,
668 1238 798 1296 aridissi-

53 1326 129 1384 mus,
140 1337 212 1392 quae
227 1317 311 1375 utilia
324 1318 386 1396 visa
396 1317 593 1376 constituunt:
613 1315 663 1386 ita,
675 1333 796 1393 compo

54 1393 105 1451 sito
118 1399 196 1467 dolo,
210 1395 423 1472 digrediuntur.

90 1477 132 1531 At
143 1493 201 1534 rex
215 1485 331 1549 postero
343 1476 389 1532 die
404 1479 562 1550 Asparem,
580 1476 739 1552 Jugurtbae
753 1478 794 1534 le·

55 1562 162 1627 gatum,
185 1555 329 1629 appellat:
353 1553 482 1628 dicitque
496 1551 552 1631 sibi
564 1571 618 1628 per
639 1554 797 1624 Dabarem,

53 1648 90 1688 ex
101 1633 183 1706 Sylla
197 1633 360 1706 cognitum,
368 1650 455 1708 posse
463 1631 678 1689 conditionibus
686 1635 797 1690 bellum

55 1711 192 1784 componi
202 1731 222 1777 3*
233 1709 426 1784 quaimobrem
447 1708 529 1784 regis
552 1710 597 1766 sui
623 1709 798 1770 sententiam

54 1789 232 1861 exquireret.
260 1791 313 1846 llle
326 1775 413 1848 litus
425 1789 455 1848 in
468 1799 565 1844 castra
578 1782 734 1862 Jugunhae
747 1806 796 1858 ye-

55 1866 104 1921 nit.
144 1865 226 1926 Dein
239 1868 274 1924 ab
287 1867 337 1924 illo
359 1878 464 1925 cuncta
485 1865 618 1928 edoctus,
641 1878 797 1939 properato

41 1941 170 2012 'itinere,
180 1957 247 2020 post
256 1944 337 2003 diem
348 1957 484 2004 octavum
494 1944 569 2000 redit
578 1944 614 2001 ad
627 1945 794 2015 Bbcchum3

56 2033 84 2078 et
97 2022 125 2080 ei
137 2024 268 2091 nunciat,
290 2025 467 2100 iugurtham
491 2040 600 2097 cupere
614 2021 715 2091 omnia
727 2041 795 2098 quae

57 2098 272 2174 imperarentur
284 2101 389 2172 lacere,
402 2104 452 2161 sed
471 2103 557 2159 Maro
576 2119 682 2175 parum
696 2101 796 2172 fidere,

58 2177 132 2252 saepd
142 2179 227 2238 antei
238 2198 307 2238 cum
317 2181 541 2257 imperatoribus
550 2179 679 2238 romanis
692 2199 796 2255 pacem

57 2269 227 2316 conventam
241 2254 348 2316 irusttai
369 2261 481 2328 fuisse3
503 2257 638 2316 ceterum
653 2261 797 2325 Bocchus,

61 2333 83 2389 si
93 2338 236 2396 ambobus
249 2341 415 2397 consultum
430 2349 460 2397 et
473 2350 567 2396 ratam
582 2355 687 2411 pacem
702 2343 798 2407 vellet,

57 2411 134 2472 daret
156 2431 286 2488 operam,
307 2427 340 2474 ut
360 2415 420 2476 uni
435 2419 470 2476 ab
489 2416 635 2484 omnibus,
655 2418 736 2489 (quasi
760 2421 796 2475 dc

58 2494 182 2563 pace‚·in
196 2496 374 2571 colloquium
384 2496 542 2554 veniretur.
558 2494 656 2568 ibique
666 2496 718 2551 sibi
732 2493 796 2568 Syl-

61 2570 115 2625 lam
128 2573 273 2640 traderet;
288 2572 383 2647 qutim
397 2575 486 2631 talem
500 2570 597 2627 virum
611 2571 638 2628 in
654 2581 795 2645 potestate

60 2647 214 2718 habuisset,
227 2647 292 2710 tilm
312 2650 384 2719 fore,
397 2651 439 2708 uti
451 2651 534 2726 jussu
551 2647 582 2700 S.
596 2649 629 2704 P.
641 2652 680 2720 Q.
693 2651 728 2706 R.
743 2650 795 2707 foe-

62 2726 112 2784 dus
125 2725 206 2791 lieret
218 2749 226 2798 3
241 2745 337 2808 neque
351 2728 501 2790 hominem
515 2723 653 2796 nobilem,
666 2745 725 2784 uon
740 2731 794 2784 sui
810 2771 813 2775 .
